Automatically generated by Mendeley Desktop 1.19.8
Any changes to this file will be lost if it is regenerated by Mendeley.

BibTeX export options can be customized via Options -> BibTeX in Mendeley Desktop

@misc{XiaojingWang2018,
abstract = {Parsing pepXML files based one XML package. The package tries to handle pepXML files generated from different softwares. The output will be a peptide-spectrum-matching tabular file. The package also provide function to filter the PSMs based on FDR.},
author = {{Xiaojing Wang}},
doi = {https://doi.org/doi:10.18129/B9.bioc.pepXMLTab},
keywords = {PepXML,R},
mendeley-tags = {PepXML,R},
title = {{pepXMLTab: Parsing pepXML files and filter based on peptide FDR.}},
url = {https://rdrr.io/bioc/pepXMLTab/},
year = {2018}
}
