Automatically generated by Mendeley Desktop 1.19.8
Any changes to this file will be lost if it is regenerated by Mendeley.

BibTeX export options can be customized via Options -> BibTeX in Mendeley Desktop

@article{RDevelopmentCoreTeam2008,
author = {{R Development Core Team}},
isbn = {3-900051-07-0},
journal = {Journal of computational and graphical statistics},
keywords = {computer language,statistical computing},
number = {3},
pages = {299--314},
title = {{R: A Language and Environment for Statistical Computing}},
url = {http://www.r-project.org/},
volume = {5},
year = {2008}
}
