Automatically generated by Mendeley Desktop 1.19.8
Any changes to this file will be lost if it is regenerated by Mendeley.

BibTeX export options can be customized via Options -> BibTeX in Mendeley Desktop

@article{Ro2019,
author = {Ro, Soo Y. and Schachner, Luis F. and Koo, Christopher W. and Purohit, Rahul and Remis, Jonathan P. and Kenney, Grace E. and Liauw, Brandon W. and Thomas, Paul M. and Patrie, Steven M. and Kelleher, Neil L. and Rosenzweig, Amy C.},
doi = {10.1038/s41467-019-10590-6},
file = {:C$\backslash$:/Users/3765563/Documents/Papers/s41467-019-10590-6.pdf:pdf},
isbn = {4146701910},
issn = {2041-1723},
journal = {Nature Communications},
number = {1},
pages = {2675},
publisher = {Springer US},
title = {{Native top-down mass spectrometry provides insights into the copper centers of membrane-bound methane monooxygenase}},
url = {http://www.nature.com/articles/s41467-019-10590-6},
volume = {10},
year = {2019}
}
