@article{georgiou2014promise,
  author  = {Georgiou, George and Ippolito, Gregory C. and Beausang, John and Busse, Christian E. and Wardemann, Hedda and Quake, Stephen R.},
  title   = {The promise and challenge of high-throughput sequencing of the antibody repertoire},
  journal = {Nature Biotechnology},
  volume  = 32,
  number  = 2,
  pages   = {158--168},
  year    = 2014,
  issn    = 10870156,
  doi     = {10.1038/nbt.2782},
}


@article{london1902der,
	author={London, E S},
	title={Der gegenwärtige Stand der Lehre von den Cytolysinen und die cytolytische Theorie der Immunität},
	journal={Zentralbl. f. Bakteriol., Parasitenk. u. Infektionskrankh., Abt. II, Bd},
	volume=32,
	year=1902,
}
waarschuwing: did not find number
waarschuwing: did not find pages
waarschuwing: did not find issn
waarschuwing: did not find doi

@article{lindenmann1984origin,
	author={Lindenmann, Jean},
	title={Origin of the terms 'antibody' and 'antigen'},
	journal={Scandinavian Journal of Immunology},
	volume=19,
	number=4,
	pages={281--285},
	year=1984,
	issn={0300-9475},
	doi={10.1111/j.1365-3083.1984.tb00931.x},
}


@article{marks2020how,
	author={Marks, Claire and Deane, Charlotte M},
	title={How repertoire data are changing antibody science.},
	journal={The Journal of biological chemistry},
	volume=295,
	number=29,
	pages={9823--9837},
	year=2020,
	issn={1083-351},
	doi={10.1074/jbc.rev120.010181},
}
waarschuwing: changed issn from {1083-351X},

@article{raybould2020thera-sabdab:,
	author={Raybould, Matthew I J and Marks, Claire and Lewis, Alan P and Shi, Jiye and Bujotzek, Alexander and Taddese, Bruck and Deane, Charlotte M},
	title={Thera-SAbDab: the Therapeutic Structural Antibody Database.},
	journal={Nucleic acids research},
	volume=48,
	number=1,
	pages={383--388},
	year=2020,
	issn={1362-4962},
	doi={10.1093/nar/gkz827},
}
waarschuwing: changed number from {D1},
waarschuwing: changed pages from {D383--D388},

@article{kaplon2021antibodies,
	author={Kaplon, Hélène and Reichert, Janice M.},
	title={Antibodies to watch in 2021},
	journal={mAbs},
	volume=13,
	number=1,
	year=2021,
	issn=19420870,
	doi={10.1080/19420862.2020.1860476},
}
waarschuwing: did not find pages

@article{singh2018monoclonal,
	author={Singh, Surjit and Kumar, Nitish K. and Dwiwedi, Pradeep and Charan, Jaykaran and Kaur, Rimplejeet and Sidhu, Preeti and Chugh, Vinay Kumar},
	title={Monoclonal Antibodies: A Review},
	journal={Current Clinical Pharmacology},
	volume=13,
	number=2,
	pages={85--99},
	year=2018,
	issn=15748847,
	doi={10.2174/1574884712666170809124728},
}


@article{schroeder2010structure,
	author={Schroeder, Harry W. and Cavacini, Lisa},
	title={Structure and function of immunoglobulins},
	journal={Journal of Allergy and Clinical Immunology},
	volume=125,
	number=2,
	pages={41--52},
	year=2010,
	issn=00916749,
	doi={10.1016/j.jaci.2009.09.046},
}
waarschuwing: changed pages from {S41--S52},

@article{bornholdt2016isolation,
	author={Bornholdt, Zachary A. and Turner, Hannah L. and Murin, Charles D. and Li, Wen and Sok, Devin and Souders, Colby A. and Piper, Ashley E. and Goff, Arthur and Shamblin, Joshua D. and Wollen, Suzanne E. and Sprague, Thomas R. and Fusco, Marnie L. and Pommert, Kathleen B. J. and Cavacini, Lisa A. and Smith, Heidi L. and Klempner, Mark and Reimann, Keith A. and Krauland, Eric and Gerngross, Tillman U. and Wittrup, Karl D. and Saphire, Erica Ollmann and Burton, Dennis R. and Glass, Pamela J. and Ward, Andrew B. and Walker, Laura M.},
	title={Isolation of potent neutralizing antibodies from a survivor of the 2014 Ebola virus outbreak.},
	journal={Science},
	volume=351,
	number=6277,
	pages={1078--1083},
	year=2016,
	issn={1095-9203},
	doi={10.1126/science.aad5788},
}


@article{corti2016protective,
	author={Corti, Davide and Misasi, John and Mulangu, Sabue and Stanley, Daphne A and Kanekiyo, Masaru and Wollen, Suzanne and Ploquin, Aurélie and Doria-Rose, Nicole A and Staupe, Ryan P and Bailey, Michael and Shi, Wei and Choe, Misook and Marcus, Hadar and Thompson, Emily A and Cagigi, Alberto and Silacci, Chiara and Fernandez-Rodriguez, Blanca and Perez, Laurent and Sallusto, Federica and Vanzetta, Fabrizia and Agatic, Gloria and Cameroni, Elisabetta and Kisalu, Neville and Gordon, Ingelise and Ledgerwood, Julie E and Mascola, John R and Graham, Barney S and Muyembe-Tamfun, Jean-Jacques and Trefry, John C and Lanzavecchia, Antonio and Sullivan, Nancy J},
	title={Protective monotherapy against lethal Ebola virus infection by a potently neutralizing antibody.},
	journal={Science (New York, N.Y.)},
	volume=351,
	number=6279,
	pages={1339--1342},
	year=2016,
	issn={1095-9203},
	doi={10.1126/science.aad5224},
}


@article{valgardsdottir2021identification,
	author={Valgardsdottir, Rut and Cattaneo, Irene and Napolitano, Gavino and Raglio, Annibale and Spinelli, Orietta and Salmoiraghi, Silvia and Castilletti, Concetta and Lapa, Daniele and Capobianchi, Maria Rosaria and Farina, Claudio and Golay, Josee},
	title={Identification of Human SARS-CoV-2 Monoclonal Antibodies from Convalescent Patients Using EBV Immortalization},
	journal={Antibodies},
	volume=10,
	number=3,
	pages=26,
	year=2021,
	issn={2073-4468},
	doi={10.3390/antib10030026},
}


@article{schroederjr.2006similarity,
	author={Schroeder Jr., H W},
	title={Similarity and divergence in the development and expression of the mouse and human antibody repertoires},
	journal={Dev Comp Immunol},
	volume=30,
	number=12,
	pages={119--135},
	year=2006,
	doi={10.1016/j.dci.2005.06.006},
}
waarschuwing: changed number from {1-2},
waarschuwing: did not find issn

@article{briney2019commonality,
	author={Briney, Bryan and Inderbitzin, Anne and Joyce, Collin and Burton, Dennis R.},
	title={Commonality despite exceptional diversity in the baseline human antibody repertoire.},
	journal={Nature},
	volume=566,
	number=7744,
	pages={393--397},
	year=2019,
	issn={1476-4687},
	doi={10.1038/s41586-019-0879-y},
}


@incollection{hom2022exploring,
	author={Hom, Jennifer R. and Tomar, Deepak and Tipton, Christopher M.},
	booktitle={Methods in Molecular Biology: Immune Receptors},
	title={Exploring the Diversity of the B-Cell Receptor Repertoire Through High-Throughput Sequencing},
	year=2022,
	pages={231--241},
	address={Clifton (NJ)},
}
waarschuwing: did not find edition
waarschuwing: did not find isbn

@article{altelaar2013next-generation,
	author={Altelaar, A. F. Maarten and Munoz, Javier and Heck, Albert J. R.},
	title={Next-generation proteomics: towards an integrative view of proteome dynamics},
	journal={Nature Reviews Genetics},
	volume=14,
	number=1,
	pages={35--48},
	year=2013,
	issn={1471-0056},
	doi={10.1038/nrg3356},
}


@article{aebersold2016mass-spectrometric,
	author={Aebersold, Ruedi and Mann, Matthias},
	title={Mass-spectrometric exploration of proteome structure and function},
	journal={Nature},
	volume=537,
	number=7620,
	pages={347--355},
	year=2016,
	issn={0028-0836},
	doi={10.1038/nature19949},
}


@article{sen2017automated,
	author={Sen, K. Ilker and Tang, Wilfred H and Nayak, Shruti and Kil, Yong J and Bern, Marshall and Ozoglu, Berk and Ueberheide, Beatrix and Davis, Darryl and Becker, Christopher},
	title={Automated Antibody De Novo Sequencing and Its Utility in Biopharmaceutical Discovery.},
	journal={Journal of the American Society for Mass Spectrometry},
	volume=28,
	number=5,
	pages={803--810},
	year=2017,
	issn={1879-1123},
	doi={10.1007/s13361-016-1580-0},
}


@article{peng2021mass,
	author={Peng, Weiwei and Pronker, Matti F. and Snijder, Joost},
	title={Mass Spectrometry-Based De Novo Sequencing of Monoclonal Antibodies Using Multiple Proteases and a Dual Fragmentation Scheme},
	journal={Journal of Proteome Research},
	volume=20,
	number=7,
	pages={3559--3566},
	year=2021,
	issn={1535-3893},
	doi={10.1021/acs.jproteome.1c00169},
}


@article{srzentić2020interlaboratory,
	author={Srzentić, Kristina and Fornelli, Luca and Tsybin, Yury O. and Loo, Joseph A. and Seckler, Henrique and Agar, Jeffrey N. and Anderson, Lissa C. and Bai, Dina L. and Beck, Alain and Brodbelt, Jennifer S. and van der Burgt, Yuri E. M. and Chamot-Rooke, Julia and Chatterjee, Sneha and Chen, Yunqiu and Clarke, David J. and Danis, Paul O. and Diedrich, Jolene K. and D’Ippolito, Robert A. and Dupré, Mathieu and Gasilova, Natalia and Ge, Ying and Goo, Young Ah and Goodlett, David R. and Greer, Sylvester and Haselmann, Kim F. and He, Lidong and Hendrickson, Christopher L. and Hinkle, Joshua D. and Holt, V. Matthew and Hughes, Sam and Hunt, Donald F. and Kelleher, Neil L. and Kozhinov, Anton N. and Lin, Ziqing and Malosse, Christian and Marshall, Alan G. and Menin, Laure and Millikin, Robert J. and Nagornov, Konstantin O. and Nicolardi, Simone and Paša-Tolić, Ljiljana and Pengelley, Stuart and Quebbemann, Neil R. and Resemann, Anja and Sandoval, Wendy and Sarin, Richa and Schmitt, Nicholas D. and Shabanowitz, Jeffrey and Shaw, Jared B. and Shortreed, Michael R. and Smith, Lloyd M. and Sobott, Frank and Suckau, Detlev and Toby, Timothy and Weisbrod, Chad R. and Wildburger, Norelle C. and Yates, John R. and Yoon, Sung Hwan and Young, Nicolas L. and Zhou, Mowei},
	title={Interlaboratory Study for Characterizing Monoclonal Antibodies by Top-Down and Middle-Down Mass Spectrometry},
	journal={Journal of the American Society for Mass Spectrometry},
	volume=31,
	number=9,
	pages={1783--1802},
	year=2020,
	issn={1044-0305},
	doi={10.1021/jasms.0c00036},
}


@article{chiu2019antibody,
	author={Chiu, Mark L. and Goulet, Dennis R. and Teplyakov, Alexey and Gilliland, Gary L.},
	title={Antibody Structure and Function: The Basis for Engineering Therapeutics.},
	journal={Antibodies (Basel, Switzerland)},
	volume=8,
	number=4,
	pages=55,
	year=2019,
	issn={2073-4468},
	doi={10.3390/antib8040055},
}


@article{porter1959hydrolysis,
	author={Porter, R R},
	title={The hydrolysis of rabbit γ-globulin and antibodies with crystalline papain},
	journal={Biochemical Journal},
	volume=73,
	number=1,
	pages={119--127},
	year=1959,
	issn={0306-3283},
	doi={10.1042/bj0730119},
}


@article{herr2003insights,
	author={Herr, Andrew B. and Ballister, Edward R. and Bjorkman, Pamela J.},
	title={Insights into IgA-mediated immune responses from the crystal structures of human FcalphaRI and its complex with IgA1-Fc.},
	journal={Nature},
	volume=423,
	number=6940,
	pages={614--20},
	year=2003,
	issn={0028-0836},
	doi={10.1038/nature01685},
}


@incollection{charlesajaneway2001generation,
	author={Charles A Janeway, Jr and Travers, Paul and Walport, Mark and Shlomchik, Mark J},
	booktitle={Immunobiology: The Immune System in Health and Disease},
	title={The generation of diversity in immunoglobulins},
	year=2001,
	address={New York (NY)},
	edition=5,
	isbn={0-8153-3642-X},
}
waarschuwing: did not find pages

@incollection{alberts2002generation,
	author={Alberts, Bruce and Johnson, Alexander and Lewis, Julian and Raff, Martin and Roberts, Keith and Walter, Peter},
	booktitle={Molecular Biology of the Cell},
	title={The Generation of Antibody Diversity},
	year=2002,
	address={New York (NY)},
	edition=4,
	isbn={0-8153-3218-1},
}
waarschuwing: did not find pages

@article{jeske1984junctional,
	author={Jeske, D J and Jarvis, J and Milstein, C and Capra, J D},
	title={Junctional diversity is essential to antibody activity.},
	journal={Journal of immunology},
	volume=133,
	number=3,
	pages={1090--1092},
	year=1984,
	issn={0022-1767},
}
waarschuwing: did not find doi

@article{aebersold2003mass,
	author={Aebersold, Ruedi and Mann, Matthias},
	title={Mass spectrometry-based proteomics},
	journal={Nature},
	volume=422,
	number=6928,
	pages={198--207},
	year=2003,
	issn={0028-0836},
	doi={10.1038/nature01511},
}


@article{tran2016complete,
	author={Tran, Ngoc Hieu and Rahman, M Ziaur and He, Lin and Xin, Lei and Shan, Baozhen and Li, Ming},
	title={Complete De Novo Assembly of Monoclonal Antibody Sequences},
	journal={Scientific Reports},
	volume=6,
	number=1,
	pages=31730,
	year=2016,
	issn={2045-2322},
	doi={10.1038/srep31730},
}


@article{guthals2012shotgun,
	author={Guthals, Adrian and Clauser, Karl R and Bandeira, Nuno},
	title={Shotgun Protein Sequencing with Meta-contig Assembly},
	journal={Molecular and Cellular Proteomics},
	volume=11,
	number=10,
	pages={1084--1096},
	year=2012,
	issn=15359476,
	doi={10.1074/mcp.m111.015768},
}
waarschuwing: changed doi from {10.1074/mcp.M111.015768},

@article{donnelly2019best,
	author={Donnelly, Daniel P. and Rawlins, Catherine M. and DeHart, Caroline J. and Fornelli, Luca and Schachner, Luis F. and Lin, Ziqing and Lippens, Jennifer L. and Aluri, Krishna C. and Sarin, Richa and Chen, Bifan and Lantz, Carter and Jung, Wonhyeuk and Johnson, Kendall R. and Koller, Antonius and Wolff, Jeremy J. and Campuzano, Iain D.G. and Auclair, Jared R. and Ivanov, Alexander R. and Whitelegge, Julian P. and Paša-Tolić, Ljiljana and Chamot-Rooke, Julia and Danis, Paul O. and Smith, Lloyd M. and Tsybin, Yury O. and Loo, Joseph A. and Ge, Ying and Kelleher, Neil L. and Agar, Jeffrey N.},
	title={Best practices and benchmarks for intact protein analysis for top-down mass spectrometry},
	journal={Nature Methods 2019 16:7},
	volume=16,
	number=7,
	pages={587--594},
	year=2019,
	issn={1548-7105},
	doi={10.1038/s41592-019-0457-0},
}


@article{bondt2021human,
	author={Bondt, Albert and Hoek, Max and Tamara, Sem and de Graaf, Bastiaan and Peng, Weiwei and Schulte, Douwe and van Rijswijck, Danique M.H. and den Boer, Maurits A. and Greisch, Jean François and Varkila, Meri R.J. and Snijder, Joost and Cremer, Olaf L. and Bonten, Marc J.M. and Heck, Albert J.R.},
	title={Human plasma IgG1 repertoires are simple, unique, and dynamic},
	journal={Cell Systems},
	volume=12,
	number=12,
	pages={1131--11435},
	year=2021,
	issn=24054720,
	doi={10.1016/j.cels.2021.08.008},
}
waarschuwing: changed pages from {1131--1143.e5},

@article{guthals2017de,
	author={Guthals, Adrian and Gan, Yutian and Murray, Laura and Chen, Yongmei and Stinson, Jeremy and Nakamura, Gerald and Lill, Jennie R. and Sandoval, Wendy and Bandeira, Nuno},
	title={De Novo MS/MS Sequencing of Native Human Antibodies},
	journal={Journal of Proteome Research},
	volume=16,
	number=1,
	pages={45--54},
	year=2017,
	issn={1535-3893},
	doi={10.1021/acs.jproteome.6b00608},
}


@article{toby2016progress,
	author={Toby, Timothy K. and Fornelli, Luca and Kelleher, Neil L.},
	title={Progress in Top-Down Proteomics and the Analysis of Proteoforms},
	journal={Annual Review of Analytical Chemistry},
	volume=9,
	number=1,
	pages={499--519},
	year=2016,
	issn={1936-1327},
	doi={10.1146/annurev-anchem-071015-041550},
}


@article{compton2011on,
	author={Compton, Philip D and Zamdborg, Leonid and Thomas, Paul M and Kelleher, Neil L},
	title={On the scalability and requirements of whole protein mass spectrometry.},
	journal={Analytical chemistry},
	volume=83,
	number=17,
	pages={6868--6874},
	year=2011,
	issn={1520-6882},
	doi={10.1021/ac2010795},
}


@article{johansson2008ides:,
	author={Johansson, Björn P. and Shannon, Oonagh and Björck, Lars},
	title={IdeS: A Bacterial Proteolytic Enzyme with Therapeutic Potential},
	journal={PLoS ONE},
	volume=3,
	number=2,
	pages={1692},
	year=2008,
	issn={1932-6203},
	doi={10.1371/journal.pone.0001692},
}
waarschuwing: changed pages from {e1692},

@article{fornelli2014middle-down,
	author={Fornelli, Luca and Ayoub, Daniel and Aizikov, Konstantin and Beck, Alain and Tsybin, Yury O},
	title={Middle-Down Analysis of Monoclonal Antibodies with Electron Transfer Dissociation Orbitrap Fourier Transform Mass Spectrometry},
	journal={Analytical Chemistry},
	volume=86,
	number=6,
	pages={3005--3012},
	year=2014,
	issn={0003-2700},
	doi={10.1021/ac4036857},
}


@article{hudziak1989p,
	author={Hudziak, Robert M and Lewis, Gail D and Winget, Marcy and Fendly, Brian M and Shepard, H Michael and Ullrich, A},
	title={p185HER2 monoclonal antibody has antiproliferative effects in vitro and sensitizes human breast tumor cells to tumor necrosis factor},
	journal={Molecular and Cellular Biology},
	volume=9,
	number=3,
	pages={1165--1172},
	year=1989,
	issn={0270-7306},
	doi={10.1128/mcb.9.3.1165-1172.1989},
}


@article{carter1992humanization,
	author={Carter, Paul and Presta, L. and Gorman, Cornelia M and Ridgway, J B and Henner, Dennis and Wong, W L and Rowland, Ann M and Kotts, CMEC and Carver, Monique E and Shepard, H Michael},
	title={Humanization of an anti-p185HER2 antibody for human cancer therapy.},
	journal={Proceedings of the National Academy of Sciences of the United States of America},
	volume=89,
	number=10,
	pages={4285--4289},
	year=1992,
	issn={0027-8424},
	doi={10.1073/pnas.89.10.4285},
}


@article{tsurushita2005design,
	author={Tsurushita, Naoya and Hinton, Paul R. and Kumar, Shankar},
	title={Design of humanized antibodies: From anti-Tac to Zenapax},
	journal={Methods},
	volume=36,
	number=1,
	pages={69--83},
	year=2005,
	issn=10462023,
	doi={10.1016/j.ymeth.2005.01.007},
}


@article{khoja2015pembrolizumab,
	author={Khoja, Leila and Butler, Marcus O and Kang, S Peter and Ebbinghaus, Scott and Joshua, Anthony M},
	title={Pembrolizumab},
	journal={Journal for ImmunoTherapy of Cancer},
	volume=3,
	number=1,
	pages=36,
	year=2015,
	issn={2051-1426},
	doi={10.1186/s40425-015-0078-9},
}


@article{busse2001omalizumab,
	author={Busse, William and Corren, Jonathan and Lanier, Bobby Quentin and McAlary, Margaret and Fowler-Taylor, Angel and Cioppa, Della Giovanni and van As, Andre and Gupta, Niroo},
	title={Omalizumab, anti-IgE recombinant humanized monoclonal antibody, for the treatment of severe allergic asthma},
	journal={Journal of Allergy and Clinical Immunology},
	volume=108,
	number=2,
	pages={184--190},
	year=2001,
	issn=00916749,
	doi={10.1067/mai.2001.117880},
}


@article{presta1993humanization,
	author={Presta, L G and Lahr, S J and Shields, R L and Porter, J P and Gorman, C M and Fendly, B M and Jardieu, P M},
	title={Humanization of an antibody directed against IgE.},
	journal={Journal of immunology},
	volume=151,
	number=5,
	pages={2623--2632},
	year=1993,
	issn={0022-1767},
}
waarschuwing: did not find doi

@article{lu2020development,
	author={Lu, Ruei-Min and Hwang, Yu-Chyi and Liu, I-Ju and Lee, Chi-Chiu and Tsai, Han-Zen and Li, Hsin-Jung and Wu, Han-Chung},
	title={Development of therapeutic antibodies for the treatment of diseases},
	journal={Journal of Biomedical Science},
	volume=27,
	number=1,
	pages=1,
	year=2020,
	issn={1423-0127},
	doi={10.1186/s12929-019-0592-z},
}


@article{morsa2019multi-enzymatic,
	author={Morsa, Denis and Baiwir, Dominique and La Rocca, Raphaël and Zimmerman, Tyler A. and Hanozin, Emeline and Grifnée, Elodie and Longuespée, Rémi and Meuwis, Marie-Alice and Smargiasso, Nicolas and Pauw, De Edwin and Mazzucchelli, Gabriel},
	title={Multi-Enzymatic Limited Digestion: The Next-Generation Sequencing for Proteomics?},
	journal={Journal of Proteome Research},
	volume=18,
	number=6,
	pages={2501--2513},
	year=2019,
	issn={1535-3893},
	doi={10.1021/acs.jproteome.9b00044},
}


@article{bandeira2008beyond,
	author={Bandeira, Nuno and Pham, Victoria and Pevzner, Pavel and Arnott, David and Lill, Jennie R},
	title={Beyond Edman Degradation: Automated de novo protein sequencing of monoclonal antibodies},
	journal={Nature Biotechnology},
	volume=26,
	number=12,
	pages={1336--1338},
	year=2008,
	issn={1087-0156},
	doi={10.1038/nbt1208-1336},
}


@article{castellana2010template,
	author={Castellana, Natalie E and Pham, Victoria and Arnott, David and Lill, Jennie R and Bafna, Vineet},
	title={Template Proteogenomics: Sequencing Whole Proteins Using an Imperfect Database},
	journal={Molecular and Cellular Proteomics},
	volume=9,
	number=6,
	pages={1260--1270},
	year=2010,
	issn=15359476,
	doi={10.1074/mcp.m900504-mcp200},
}
waarschuwing: changed doi from {10.1074/mcp.M900504-MCP200},

@article{savidor2017database-independent,
	author={Savidor, Alon and Barzilay, Rotem and Elinger, Dalia and Yarden, Yosef and Lindzen, Moshit and Gabashvili, Alexandra and Adiv Tal, Ophir and Levin, Yishai},
	title={Database-independent Protein Sequencing (DiPS) Enables Full-length de Novo Protein and Antibody Sequence Determination.},
	journal={Molecular and cellular proteomics : MCP},
	volume=16,
	number=6,
	pages={1151--1161},
	year=2017,
	issn={1535-9484},
	doi={10.1074/mcp.o116.065417},
}
waarschuwing: changed doi from {10.1074/mcp.O116.065417},

@article{liu2009automated,
	author={Liu, Xiaowen and Han, Yonghua and Yuen, Denis and Ma, Bin},
	title={Automated protein (re)sequencing with MS/MS and a homologous database yields almost full coverage and accuracy},
	journal={Bioinformatics},
	volume=25,
	number=17,
	pages={2174--2180},
	year=2009,
	issn={1460-2059},
	doi={10.1093/bioinformatics/btp366},
}


@article{he2018protein,
	author={He, Lidong and Weisbrod, Chad R. and Marshall, Alan G.},
	title={Protein de novo sequencing by top-down and middle-down MS/MS: Limitations imposed by mass measurement accuracy and gaps in sequence coverage},
	journal={International Journal of Mass Spectrometry},
	volume=427,
	pages={107--113},
	year=2018,
	issn=13873806,
	doi={10.1016/j.ijms.2017.11.012},
}
waarschuwing: did not find number

@article{macias2020ion,
	author={Macias, Luis A. and Santos, Inês C. and Brodbelt, Jennifer S.},
	title={Ion Activation Methods for Peptides and Proteins},
	journal={Analytical Chemistry},
	volume=92,
	number=1,
	pages={227--251},
	year=2020,
	issn={0003-2700},
	doi={10.1021/acs.analchem.9b04859},
}


@article{roepstorff1984proposal,
	author={Roepstorff, P. and Fohlman, J.},
	title={Proposal for a common nomenclature for sequence ions in mass spectra of peptides.},
	journal={Biomedical mass spectrometry},
	volume=11,
	number=11,
	pages=601,
	year=1984,
	issn={0306-042},
	doi={10.1002/bms.1200111109},
}
waarschuwing: changed issn from {0306-042X},

@article{syka2004peptide,
	author={Syka, John E. P. and Coon, Joshua J. and Schroeder, Melanie J. and Shabanowitz, Jeffrey and Hunt, Donald F.},
	title={Peptide and protein sequence analysis by electron transfer dissociation mass spectrometry},
	journal={Proceedings of the National Academy of Sciences},
	volume=101,
	number=26,
	pages={9528--9533},
	year=2004,
	issn={0027-8424},
	doi={10.1073/pnas.0402700101},
}


@article{zubarev2000electron,
	author={Zubarev, Roman A. and Horn, David M. and Fridriksson, Einar K. and Kelleher, Neil L. and Kruger, Nathan A. and Lewis, Mark A. and Carpenter, Barry K. and McLafferty, Fred W.},
	title={Electron Capture Dissociation for Structural Characterization of Multiply Charged Protein Cations},
	journal={Analytical Chemistry},
	volume=72,
	number=3,
	pages={563--573},
	year=2000,
	issn={0003-2700},
	doi={10.1021/ac990811p},
}


@article{mcluckey1998ion/ion,
	author={McLuckey, Scott A. and Stephenson, James L.},
	title={Ion/ion chemistry of high-mass multiply charged ions},
	journal={Mass Spectrometry Reviews},
	volume=17,
	number=6,
	pages={369--407},
	year=1998,
	issn=02777037,
	doi={10.1002/(sici)1098-2787(1998)17:6<369::aid-mas1>3.0.co;2-j},
}
waarschuwing: changed doi from {10.1002/(SICI)1098-2787(1998)17:6{\textless}369::AID-MAS1{\textgreater}3.0.CO;2-J},
waarschuwing: changed doi from {10.1002/(sici)1098-2787(1998)17:6{\textless}369::aid-mas1{\textgreater}3.0.co;2-j},
waarschuwing: changed doi from {10.1002/(sici)1098-2787(1998)17:6<369::aid-mas1{\textgreater}3.0.co;2-j},

@article{brodbelt2016ion,
	author={Brodbelt, Jennifer S.},
	title={Ion Activation Methods for Peptides and Proteins},
	journal={Analytical Chemistry},
	volume=88,
	number=1,
	pages={30--51},
	year=2016,
	issn=15206882,
	doi={10.1021/acs.analchem.5b04563},
}


@article{brodbelt2020ultraviolet,
	author={Brodbelt, Jennifer S. and Morrison, Lindsay J. and Santos, Inês},
	title={Ultraviolet Photodissociation Mass Spectrometry for Analysis of Biological Molecules},
	journal={Chemical Reviews},
	volume=120,
	number=7,
	pages={3328--3380},
	year=2020,
	issn={0009-2665},
	doi={10.1021/acs.chemrev.9b00440},
}


@article{xiao2016distinguishing,
	author={Xiao, Yongsheng and Vecchi, Malgorzata M. and Wen, Dingyi},
	title={Distinguishing between Leucine and Isoleucine by Integrated LC-MS Analysis Using an Orbitrap Fusion Mass Spectrometer},
	journal={Analytical Chemistry},
	volume=88,
	number=21,
	pages={10757--10766},
	year=2016,
	issn=15206882,
	doi={10.1021/acs.analchem.6b03409},
}


@article{kjeldsen2003distinguishing,
	author={Kjeldsen, Frank and Haselmann, Kim F. and Sørensen, Esben S. and Zubarev, Roman A.},
	title={Distinguishing of Ile/Leu Amino Acid Residues in the PP3 Protein by (Hot) Electron Capture Dissociation in Fourier Transform Ion Cyclotron Resonance Mass Spectrometry},
	journal={Analytical Chemistry},
	volume=75,
	number=6,
	pages={1267--1274},
	year=2003,
	issn={0003-2700},
	doi={10.1021/ac020422m},
}


@article{horn2000automated,
	author={Horn, D M and Zubarev, R A and McLafferty, F W},
	title={Automated de novo sequencing of proteins by tandem high-resolution mass spectrometry},
	journal={Proceedings of the National Academy of Sciences},
	volume=97,
	number=19,
	pages={10313--10317},
	year=2000,
	issn={0027-8424},
	doi={10.1073/pnas.97.19.10313},
}


@article{guthals2013sequencing-grade,
	author={Guthals, Adrian and Clauser, Karl R. and Frank, Ari M. and Bandeira, Nuno},
	title={Sequencing-grade de novo analysis of MS/MS triplets (CID/HCD/ETD) from overlapping peptides},
	journal={Journal of Proteome Research},
	volume=12,
	number=6,
	pages={2846--2857},
	year=2013,
	issn=15353893,
	doi={10.1021/pr400173d},
}


@article{vyatkina2017de,
	author={Vyatkina, Kira},
	title={De Novo Sequencing of Top-Down Tandem Mass Spectra: A Next Step towards Retrieving a Complete Protein Sequence.},
	journal={Proteomes},
	volume=5,
	number=1,
	pages=6,
	year=2017,
	issn={2227-7382},
	doi={10.3390/proteomes5010006},
}


@article{datta2009spectrum,
	author={Datta, Ritendra and Bern, Marshall},
	title={Spectrum Fusion: Using Multiple Mass Spectra for De Novo Peptide Sequencing},
	journal={Journal of Computational Biology},
	volume=16,
	number=8,
	pages={1169--1182},
	year=2009,
	issn={1066-5277},
	doi={10.1089/cmb.2009.0122},
}


@article{horton2017comprehensive,
	author={Horton, Andrew P. and Robotham, Scott A. and Cannon, Joe R. and Holden, Dustin D. and Marcotte, Edward M. and Brodbelt, Jennifer S.},
	title={Comprehensive de Novo Peptide Sequencing from MS/MS Pairs Generated through Complementary Collision Induced Dissociation and 351 nm Ultraviolet Photodissociation},
	journal={Analytical Chemistry},
	volume=89,
	number=6,
	pages={3747--3753},
	year=2017,
	issn={0003-2700},
	doi={10.1021/acs.analchem.7b00130},
}


@article{bertsch2009de,
	author={Bertsch, Andreas and Leinenbach, Andreas and Pervukhin, Anton and Lubeck, Markus and Hartmer, Ralf and Baessmann, Carsten and Elnakady, Yasser Abbas and Müller, Rolf and Böcker, Sebastian and Huber, Christian G and Kohlbacher, Oliver},
	title={De novo peptide sequencing by tandem MS using complementary CID and electron transfer dissociation},
	journal={Electrophoresis},
	volume=30,
	number=21,
	pages={3736--3747},
	year=2009,
	issn=01730835,
	doi={10.1002/elps.200900332},
}


@article{lefranc2003imgt,
	author={Lefranc, Marie Paule},
	title={IMGT, the international ImMunoGeneTics database®},
	journal={Nucleic Acids Research},
	volume=31,
	number=1,
	pages={307--310},
	year=2003,
	issn=03051048,
	doi={10.1093/nar/gkg085},
}


@article{lefranc2020immunoglobulins,
	author={Lefranc, Marie-Paule and Lefranc, Gérard},
	title={Immunoglobulins or Antibodies: IMGT® Bridging Genes, Structures and Functions},
	journal={Biomedicines},
	volume=8,
	number=9,
	pages=319,
	year=2020,
	issn={2227-9059},
	doi={10.3390/biomedicines8090319},
}


@article{schmelter2017peptides,
	author={Schmelter, Carsten and Perumal, Natarajan and Funke, Sebastian and Bell, Katharina and Pfeiffer, Norbert and Grus, Franz H},
	title={Peptides of the variable IgG domain as potential biomarker candidates in primary open-angle glaucoma (POAG)},
	journal={Human Molecular Genetics},
	volume=26,
	number=22,
	pages={4451--4464},
	year=2017,
	issn={0964-6906},
	doi={10.1093/hmg/ddx332},
}


@article{singh2013cerebrospinal-fluid-derived,
	author={Singh, Vaibhav and Stoop, Marcel P. and Stingl, Christoph and Luitwieler, Ronald L. and Dekker, Lennard J. and van Duijn, Martijn M. and Kreft, Karim L. and Luider, Theo M. and Hintzen, Rogier Q.},
	title={Cerebrospinal-fluid-derived Immunoglobulin G of Different Multiple Sclerosis Patients Shares Mutated Sequences in Complementarity Determining Regions},
	journal={Molecular and Cellular Proteomics},
	volume=12,
	number=12,
	pages={3924--3934},
	year=2013,
	issn=15359476,
	doi={10.1074/mcp.m113.030346},
}
waarschuwing: changed doi from {10.1074/mcp.M113.030346},

@article{broodman2012mass,
	author={Broodman, Ingrid and de Costa, Dominique and Stingl, Christoph and Dekker, Lennard J. M. and VanDuijn, Martijn M. and Lindemans, Jan and van Klaveren, Rob J. and Luider, Theo M.},
	title={Mass spectrometry analyses of κ and λ fractions result in increased number of complementarity-determining region identifications},
	journal={Proteomics},
	volume=12,
	number=2,
	pages={183--191},
	year=2012,
	issn=16159853,
	doi={10.1002/pmic.201100244},
}


@article{costa2010sequencing,
	author={de Costa, Dominique and Broodman, Ingrid and VanDuijn, Martijn M. and Stingl, Christoph and Dekker, Lennard J. M. and Burgers, Peter C. and Hoogsteden, Henk C. and Sillevis Smitt, Peter A. E. and van Klaveren, Rob J. and Luider, Theo M.},
	title={Sequencing and Quantifying IgG Fragments and Antigen-Binding Regions by Mass Spectrometry},
	journal={Journal of Proteome Research},
	volume=9,
	number=6,
	pages={2937--2945},
	year=2010,
	issn={1535-3893},
	doi={10.1021/pr901114w},
}


@article{tamara2021high-resolution,
	author={Tamara, Sem and den Boer, Maurits A. and Heck, Albert J. R.},
	title={High-Resolution Native Mass Spectrometry.},
	journal={Chemical reviews},
	pages={100212},
	year=2021,
	issn={1520-6890},
	doi={10.1021/acs.chemrev.1c00212},
}
waarschuwing: did not find volume
waarschuwing: did not find number
waarschuwing: changed pages from {acs.chemrev.1c00212},

@article{lössl2014boundaries,
	author={Lössl, Philip and Snijder, Joost and Heck, Albert J. R.},
	title={Boundaries of Mass Resolution in Native Mass Spectrometry},
	journal={Journal of the American Society for Mass Spectrometry},
	volume=25,
	number=6,
	pages={906--917},
	year=2014,
	issn={1044-0305},
	doi={10.1007/s13361-014-0874-3},
}


@article{mao2013top-down,
	author={Mao, Yuan and Valeja, Santosh G and Rouse, Jason C and Hendrickson, Christopher L and Marshall, Alan G},
	title={Top-down structural analysis of an intact monoclonal antibody by electron capture dissociation-Fourier transform ion cyclotron resonance-mass spectrometry.},
	journal={Analytical chemistry},
	volume=85,
	number=9,
	pages={4239--4246},
	year=2013,
	issn={1520-6882},
	doi={10.1021/ac303525n},
}


@article{tsybin2011structural,
	author={Tsybin, Yury O and Fornelli, Luca and Stoermer, Carsten and Luebeck, Markus and Parra, Julien and Nallet, Sophie and Wurm, Florian M and Hartmer, Ralf},
	title={Structural Analysis of Intact Monoclonal Antibodies by Electron Transfer Dissociation Mass Spectrometry},
	journal={Analytical Chemistry},
	volume=83,
	number=23,
	pages={8919--8927},
	year=2011,
	issn={0003-2700},
	doi={10.1021/ac201293m},
}


@article{resemann2016full,
	author={Resemann, Anja and Jabs, Wolfgang and Wiechmann, Anja and Wagner, Elsa and Colas, Olivier and Evers, Waltraud and Belau, Eckhard and Vorwerg, Lars and Evans, Catherine and Beck, Alain and Suckau, Detlev},
	title={Full validation of therapeutic antibody sequences by middle-up mass measurements and middle-down protein sequencing},
	journal={mAbs},
	volume=8,
	number=2,
	pages={318--330},
	year=2016,
	issn={1942-0862},
	doi={10.1080/19420862.2015.1128607},
}


@article{greisch2021generating,
	author={Greisch, Jean-Francois and den Boer, Maurits A. and Beurskens, Frank and Schuurman, Janine and Tamara, Sem and Bondt, Albert and Heck, Albert J. R.},
	title={Generating Informative Sequence Tags from Antigen-Binding Regions of Heavily Glycosylated IgA1 Antibodies by Native Top-Down Electron Capture Dissociation},
	journal={Journal of the American Society for Mass Spectrometry},
	volume=32,
	number=6,
	pages={1326--1335},
	year=2021,
	issn={1044-0305},
	doi={10.1021/jasms.0c00461},
}


@article{boer2020selectivity,
	author={den Boer, Maurits A. and Greisch, Jean-Francois and Tamara, Sem and Bondt, Albert and Heck, Albert J. R.},
	title={Selectivity over coverage in de novo sequencing of IgGs.},
	journal={Chemical science},
	volume=11,
	number=43,
	pages={11886--11896},
	year=2020,
	issn={2041-6520},
	doi={10.1039/d0sc03438j},
}


@article{greisch2021extending,
	author={Greisch, Jean-Francois and den Boer, Maurits A. and Lai, Szu-Hsueh and Gallagher, Kelly and Bondt, Albert and Commandeur, Jan and Heck, Albert J.R.},
	title={Extending Native Top-Down Electron Capture Dissociation to MDa Immunoglobulin Complexes Provides Useful Sequence Tags Covering Their Critical Variable Complementarity-Determining Regions},
	journal={Analytical Chemistry},
	volume=93,
	number=48,
	pages={16068--16075},
	year=2021,
	issn={0003-2700},
	doi={10.1021/acs.analchem.1c03740},
}


@article{spoerry2016identification,
	author={Spoerry, Christian and Seele, Jana and Valentin-Weigand, Peter and Baums, Christoph G. and von Pawel-Rammingen, Ulrich},
	title={Identification and Characterization of IgdE, a Novel IgG-degrading Protease of Streptococcus suis with Unique Specificity for Porcine IgG},
	journal={Journal of Biological Chemistry},
	volume=291,
	number=15,
	pages={7915--7925},
	year=2016,
	issn=00219258,
	doi={10.1074/jbc.m115.711440},
}
waarschuwing: changed doi from {10.1074/jbc.M115.711440},

@article{lermyte2019top,
	author={Lermyte, Frederik and Tsybin, Yury O. and O’Connor, Peter B. and Loo, Joseph A.},
	title={Top or Middle? Up or Down? Toward a Standard Lexicon for Protein Top-Down and Allied Mass Spectrometry Approaches},
	journal={Journal of the American Society for Mass Spectrometry},
	volume=30,
	number=7,
	pages={1149--1157},
	year=2019,
	issn={1044-0305},
	doi={10.1007/s13361-019-02201-x},
}


@article{fornelli2012analysis,
	author={Fornelli, Luca and Damoc, Eugen and Thomas, Paul M. and Kelleher, Neil L. and Aizikov, Konstantin and Denisov, Eduard and Makarov, Alexander and Tsybin, Yury O.},
	title={Analysis of Intact Monoclonal Antibody IgG1 by Electron Transfer Dissociation Orbitrap FTMS},
	journal={Molecular and Cellular Proteomics},
	volume=11,
	number=12,
	pages={1758--1767},
	year=2012,
	issn=15359476,
	doi={10.1074/mcp.m112.019620},
}
waarschuwing: changed doi from {10.1074/mcp.M112.019620},

@article{fornelli2017top-down,
	author={Fornelli, Luca and Ayoub, Daniel and Aizikov, Konstantin and Liu, Xiaowen and Damoc, Eugen and Pevzner, Pavel A. and Makarov, Alexander and Beck, Alain and Tsybin, Yury O.},
	title={Top-down analysis of immunoglobulin G isotypes 1 and 2 with electron transfer dissociation on a high-field Orbitrap mass spectrometer.},
	journal={Journal of proteomics},
	volume=159,
	pages={67--76},
	year=2017,
	issn={1876-7737},
	doi={10.1016/j.jprot.2017.02.013},
}
waarschuwing: did not find number

@article{fornelli2018accurate,
	author={Fornelli, Luca and Srzentić, Kristina and Huguet, Romain and Mullen, Christopher and Sharma, Seema and Zabrouskov, Vlad and Fellers, Ryan T. and Durbin, Kenneth R. and Compton, Philip D. and Kelleher, Neil L.},
	title={Accurate Sequence Analysis of a Monoclonal Antibody by Top-Down and Middle-Down Orbitrap Mass Spectrometry Applying Multiple Ion Activation Techniques},
	journal={Analytical Chemistry},
	volume=90,
	number=14,
	pages={8421--8429},
	year=2018,
	issn={0003-2700},
	doi={10.1021/acs.analchem.8b00984},
}


@article{shaw2020direct,
	author={Shaw, Jared B. and Liu, Weijing and Vasilev, V. Yury and Bracken, Carter C. and Malhan, Neha and Guthals, Adrian and Beckman, Joseph S. and Voinov, Valery G.},
	title={Direct Determination of Antibody Chain Pairing by Top-down and Middle-down Mass Spectrometry Using Electron Capture Dissociation and Ultraviolet Photodissociation},
	journal={Analytical chemistry},
	volume=92,
	number=1,
	pages={766--773},
	year=2020,
	issn={1520-6882},
	doi={10.1021/acs.analchem.9b03129},
}
waarschuwing: changed doi from {10.1021/ACS.ANALCHEM.9B03129},

@article{shaw2018sequencing,
	author={Shaw, Jared B. and Malhan, Neha and VasilEv, V. Yury and Lopez, Nathan I. and Makarov, Alexander and Beckman, Joseph S. and Voinov, Valery G.},
	title={Sequencing Grade Tandem Mass Spectrometry for Top-Down Proteomics Using Hybrid Electron Capture Dissociation Methods in a Benchtop Orbitrap Mass Spectrometer},
	journal={Analytical chemistry},
	volume=90,
	number=18,
	pages={10819--10827},
	year=2018,
	issn={1520-6882},
	doi={10.1021/acs.analchem.8b01901},
}
waarschuwing: changed author from {Shaw, Jared B. and Malhan, Neha and Vasil'Ev, V. Yury and Lopez, Nathan I. and Makarov, Alexander and Beckman, Joseph S. and Voinov, Valery G.},
waarschuwing: changed doi from {10.1021/ACS.ANALCHEM.8B01901},

@article{shen2017high-resolution,
	author={Shen, Yufeng and Tolić, Nikola and Piehowski, Paul D and Shukla, Anil K and Kim, Sangtae and Zhao, Rui and Qu, Yi and Robinson, Errol and Smith, Richard D and Paša-Tolić, Ljiljana},
	title={High-resolution ultrahigh-pressure long column reversed-phase liquid chromatography for top-down proteomics.},
	journal={Journal of chromatography. A},
	volume=1498,
	pages={99--110},
	year=2017,
	issn={1873-3778},
	doi={10.1016/j.chroma.2017.01.008},
}
waarschuwing: did not find number

@article{ma2003peaks:,
	author={Ma, Bin and Zhang, Kaizhong and Hendrie, Christopher and Liang, Chengzhi and Li, Ming and Doherty-Kirby, Amanda and Lajoie, Gilles},
	title={PEAKS: powerful software for peptide de novo sequencing by tandem mass spectrometry},
	journal={Rapid Communications in Mass Spectrometry},
	volume=17,
	number=20,
	pages={2337--2342},
	year=2003,
	issn={0951-4198},
	doi={10.1002/rcm.1196},
}


@article{vyatkina2015de,
	author={Vyatkina, Kira and Wu, Si and Dekker, Lennard J. M. and VanDuijn, Martijn M. and Liu, Xiaowen and Tolić, Nikola and Dvorkin, Mikhail and Alexandrova, Sonya and Luider, Theo M. and Paša-Tolić, Ljiljana and Pevzner, Pavel A.},
	title={De Novo Sequencing of Peptides from Top-Down Tandem Mass Spectra},
	journal={Journal of Proteome Research},
	volume=14,
	number=11,
	pages={4450--4462},
	year=2015,
	issn={1535-3893},
	doi={10.1021/pr501244v},
}


@article{liu2014de,
	author={Liu, Xiaowen and Dekker, Lennard J M and Wu, Si and Vanduijn, Martijn M and Luider, Theo M and Tolić, Nikola and Kou, Qiang and Dvorkin, Mikhail and Alexandrova, Sonya and Vyatkina, Kira and Paša-Tolić, Ljiljana and Pevzner, Pavel A},
	title={De Novo Protein Sequencing by Combining Top-Down and Bottom-Up Tandem Mass Spectra},
	journal={Journal of Proteome Research},
	volume=13,
	number=7,
	pages={3241--3248},
	year=2014,
	issn={1535-3893},
	doi={10.1021/pr401300m},
}


@article{lavinder2015next-generation,
	author={Lavinder, Jason J. and Horton, Andrew P. and Georgiou, George and Ippolito, Gregory C.},
	title={Next-generation sequencing and protein mass spectrometry for the comprehensive analysis of human cellular and serum antibody repertoires.},
	journal={Current opinion in chemical biology},
	volume=24,
	pages={112--20},
	year=2015,
	issn={1879-0402},
	doi={10.1016/j.cbpa.2014.11.007},
}
waarschuwing: did not find number

@article{lavinder2014identification,
	author={Lavinder, Jason J. and Wine, Yariv and Giesecke, Claudia and Ippolito, Gregory C. and Horton, Andrew P. and Lungu, Oana I. and Hoi, Kam Hon and DeKosky, Brandon J. and Murrin, Ellen M. and Wirth, Megan M. and Ellington, Andrew D. and Dörner, Thomas and Marcotte, Edward M. and Boutz, Daniel R. and Georgiou, George},
	title={Identification and characterization of the constituent human serum antibodies elicited by vaccination},
	journal={Proceedings of the National Academy of Sciences},
	volume=111,
	number=6,
	pages={2259--2264},
	year=2014,
	issn={0027-8424},
	doi={10.1073/pnas.1317793111},
}


@article{lee2016molecular-level,
	author={Lee, Jiwon and Boutz, Daniel R. and Chromikova, Veronika and Joyce, M. Gordon and Vollmers, Christopher and Leung, Kwanyee and Horton, Andrew P. and DeKosky, Brandon J. and Lee, Chang Han and Lavinder, Jason J. and Murrin, Ellen M. and Chrysostomou, Constantine and Hoi, Kam Hon and Tsybovsky, Yaroslav and Thomas, V. Paul and Druz, Aliaksandr and Zhang, Baoshan and Zhang, Yi and Wang, Lingshu and Kong, Wing Pui and Park, Daechan and Popova, Lyubov I. and Dekker, Cornelia L. and Davis, Mark M. and Carter, Chalise E. and Ross, Ted M. and Ellington, Andrew D. and Wilson, Patrick C. and Marcotte, Edward M. and Mascola, John R. and Ippolito, Gregory C. and Krammer, Florian and Quake, Stephen R. and Kwong, Peter D. and Georgiou, George},
	title={Molecular-level analysis of the serum antibody repertoire in young adults before and after seasonal influenza vaccination},
	journal={Nature Medicine},
	volume=22,
	number=12,
	pages={1456--1464},
	year=2016,
	issn={1546170},
	doi={10.1038/nm.4224},
}
waarschuwing: changed issn from {1546170X},

@article{lee2019persistent,
	author={Lee, Jiwon and Paparoditis, Philipp and Horton, Andrew P. and Frühwirth, Alexander and McDaniel, Jonathan R. and Jung, Jiwon and Boutz, Daniel R. and Hussein, Dania A. and Tanno, Yuri and Pappas, Leontios and Ippolito, Gregory C. and Corti, Davide and Lanzavecchia, Antonio and Georgiou, George},
	title={Persistent Antibody Clonotypes Dominate the Serum Response to Influenza over Multiple Years and Repeated Vaccinations},
	journal={Cell Host and Microbe},
	volume=25,
	number=3,
	pages={367--3765},
	year=2019,
	issn=19313128,
	doi={10.1016/j.chom.2019.01.010},
}
waarschuwing: changed pages from {367--376.e5},

@article{bonissone2020serum,
	author={Bonissone, Stefano R. and Lima, Thiago and Harris, Katherine and Davison, Laura and Avanzino, Brian and Trinklein, Nathan and Castellana, Natalie and Patel, Anand},
	title={Serum proteomics expands on high-affinity antibodies in immunized rabbits than deep B-cell repertoire sequencing alone},
	journal={bioRxiv},
	pages=833871,
	year=2020,
	issn={2692-8205},
	doi={10.1101/833871},
}
waarschuwing: did not find volume
waarschuwing: did not find number

@article{gilchuk2021proteo-genomic,
	author={Gilchuk, Pavlo and Guthals, Adrian and Bonissone, Stefano R. and Shaw, Jared B. and Ilinykh, Philipp A. and Huang, Kai and Bombardi, Robin G. and Liang, Jenny and Grinyo, Ariadna and Davidson, Edgar and Chen, Elaine C. and Gunn, Bronwyn M. and Alter, Galit and Saphire, Erica Ollmann and Doranz, Benjamin J. and Bukreyev, Alexander and Zeitlin, Larry and Castellana, Natalie and Crowe, James E.},
	title={Proteo-Genomic Analysis Identifies Two Major Sites of Vulnerability on Ebolavirus Glycoprotein for Neutralizing Antibodies in Convalescent Human Plasma},
	journal={Frontiers in Immunology},
	volume=12,
	pages=706757,
	year=2021,
	issn={1664-3224},
	doi={10.3389/fimmu.2021.706757},
}
waarschuwing: did not find number

@article{cha2017antibody,
	author={Cha, Seong Won and Bonissone, Stefano and Na, Seungjin and Pevzner, Pavel A. and Bafna, Vineet},
	title={The Antibody Repertoire of Colorectal Cancer},
	journal={Molecular and Cellular Proteomics},
	volume=16,
	number=12,
	pages={2111--2124},
	year=2017,
	issn=15359476,
	doi={10.1074/mcp.ra117.000397},
}


@article{safonova2015igrepertoireconstructor:,
	author={Safonova, Yana and Bonissone, Stefano and Kurpilyansky, Eugene and Starostina, Ekaterina and Lapidus, Alla and Stinson, Jeremy and DePalatis, Laura and Sandoval, Wendy and Lill, Jennie and Pevzner, Pavel A.},
	title={IgRepertoireConstructor: a novel algorithm for antibody repertoire construction and immunoproteogenomics analysis},
	journal={Bioinformatics},
	volume=31,
	number=12,
	pages={53--61},
	year=2015,
	issn={1367-4803},
	doi={10.1093/bioinformatics/btv238},
}
waarschuwing: changed pages from {i53--i61},

@article{bonissone2016immunoglobulin,
	author={Bonissone, Stefano R. and Pevzner, Pavel A.},
	title={Immunoglobulin Classification Using the Colored Antibody Graph},
	journal={Journal of Computational Biology},
	volume=23,
	number=6,
	pages={483--494},
	year=2016,
	issn={1066-5277},
	doi={10.1089/cmb.2016.0010},
}


@article{he2017analysis,
	author={He, Lidong and Anderson, Lissa C. and Barnidge, David R. and Murray, David L. and Hendrickson, Christopher L. and Marshall, Alan G.},
	title={Analysis of Monoclonal Antibodies in Human Serum as a Model for Clinical Monoclonal Gammopathy by Use of 21 Tesla FT-ICR Top-Down and Middle-Down MS/MS},
	journal={Journal of the American Society for Mass Spectrometry},
	volume=28,
	number=5,
	pages={827--838},
	year=2017,
	issn={1044-0305},
	doi={10.1007/s13361-017-1602-6},
}


@article{he2019classification,
	author={He, Lidong and Anderson, Lissa C. and Barnidge, David R. and Murray, David L. and Dasari, Surendra and Dispenzieri, Angela and Hendrickson, Christopher L. and Marshall, Alan G.},
	title={Classification of Plasma Cell Disorders by 21 Tesla Fourier Transform Ion Cyclotron Resonance Top-Down and Middle-Down MS/MS Analysis of Monoclonal Immunoglobulin Light Chains in Human Serum},
	journal={Analytical Chemistry},
	volume=91,
	number=5,
	pages={3263--3269},
	year=2019,
	issn={0003-2700},
	doi={10.1021/acs.analchem.8b03294},
}


@article{mills2015detecting,
	author={Mills, John R. and Barnidge, David R. and Murray, David L.},
	title={Detecting monoclonal immunoglobulins in human serum using mass spectrometry},
	journal={Methods},
	volume=81,
	pages={56--65},
	year=2015,
	issn=10462023,
	doi={10.1016/j.ymeth.2015.04.020},
}
waarschuwing: did not find number

@article{sharpley2019novel,
	author={Sharpley, Faye A. and Manwani, Richa and Mahmood, Shameem and Sachchithanantham, Sajitha and Lachmann, Helen J. and Gillmore, Julian D. and Whelan, Carol J. and Fontana, Marianna and Hawkins, Philip N. and Wechalekar, Ashutosh D.},
	title={A novel mass spectrometry method to identify the serum monoclonal light chain component in systemic light chain amyloidosis},
	journal={Blood Cancer Journal},
	volume=9,
	number=2,
	pages=16,
	year=2019,
	issn={2044-5385},
	doi={10.1038/s41408-019-0180-1},
}


@article{dupré2021de,
	author={Dupré, Mathieu and Duchateau, Magalie and Sternke-Hoffmann, Rebecca and Boquoi, Amelie and Malosse, Christian and Fenk, Roland and Haas, Rainer and Buell, Alexander K. and Rey, Martial and Chamot-Rooke, Julia},
	title={De Novo Sequencing of Antibody Light Chain Proteoforms from Patients with Multiple Myeloma},
	journal={Analytical Chemistry},
	volume=93,
	number=30,
	pages={10627--10634},
	year=2021,
	issn=15206882,
	doi={10.1021/acs.analchem.1c01955},
}


@article{wang2019top-down,
	author={Wang, Zhe and Liu, Xiaowen and Muther, Jennifer and James, Judith A. and Smith, Kenneth and Wu, Si},
	title={Top-down Mass Spectrometry Analysis of Human Serum Autoantibody Antigen-Binding Fragments.},
	journal={Scientific reports},
	volume=9,
	number=1,
	pages=2345,
	year=2019,
	issn={2045-2322},
	doi={10.1038/s41598-018-38380-y},
}


@article{melani2022next-generation,
	author={Melani, Rafael D. and Des Soye, Benjamin J. and Kafader, Jared O. and Forte, Eleonora and Hollas, Michael and Blagojevic, Voislav and Negrão, Fernanda and McGee, John P. and Drown, Bryon and Lloyd-Jones, Cameron and Seckler, Henrique S. and Camarillo, Jeannie M. and Compton, Philip D. and LeDuc, Richard D. and Early, Bryan and Fellers, Ryan T. and Cho, Byoung Kyu and Mattamana, Basil Baby and Goo, Young Ah and Thomas, Paul M. and Ash, Michelle K. and Bhimalli, Pavan P. and Al-Harthi, Lena and Sha, Beverly E. and Schneider, Jeffrey R. and Kelleher, Neil L.},
	title={Next-Generation Serology by Mass Spectrometry: Readout of the SARS-CoV-2 Antibody Repertoire},
	journal={Journal of Proteome Research},
	volume=21,
	number=1,
	pages={274--288},
	year=2022,
	issn=15353907,
	doi={10.1021/acs.jproteome.1c00882},
}


@article{kafader2020multiplexed,
	author={Kafader, Jared O. and Melani, Rafael D. and Durbin, Kenneth R. and Ikwuagwu, Bon and Early, Bryan P. and Fellers, Ryan T. and Beu, Steven C. and Zabrouskov, Vlad and Makarov, Alexander A. and Maze, Joshua T. and Shinholt, Deven L. and Yip, Ping F. and Tullman-Ercek, Danielle and Senko, Michael W. and Compton, Philip D. and Kelleher, Neil L.},
	title={Multiplexed mass spectrometry of individual ions improves measurement of proteoforms and their complexes.},
	journal={Nature methods},
	volume=17,
	number=4,
	pages={391--394},
	year=2020,
	issn={1548-7105},
	doi={10.1038/s41592-020-0764-5},
}


@article{kitaura2017different,
	author={Kitaura, Kazutaka and Yamashita, Hiroshi and Ayabe, Hitomi and Shini, Tadasu and Matsutani, Takaji and Suzuki, Ryuji},
	title={Different Somatic Hypermutation Levels among Antibody Subclasses Disclosed by a New Next-Generation Sequencing-Based Antibody Repertoire Analysis.},
	journal={Frontiers in immunology},
	volume=8,
	number={May},
	pages=389,
	year=2017,
	issn={1664-3224},
	doi={10.3389/fimmu.2017.00389},
}
waarschuwing: fatal: changed number from {May},

@article{bondt2021direct,
	author={Bondt, Albert and Dingess, Kelly A. and Hoek, Max and van Rijswijck, Danique M. H. and Heck, Albert J. R.},
	title={A Direct MS-Based Approach to Profile Human Milk Secretory Immunoglobulin A (IgA1) Reveals Donor-Specific Clonal Repertoires With High Longitudinal Stability},
	journal={Frontiers in Immunology},
	volume=12,
	pages=5190,
	year=2021,
	issn={1664-3224},
	doi={10.3389/fimmu.2021.789748},
}
waarschuwing: did not find number

@article{haan2020monitoring,
	author={de Haan, Noortje and Falck, David and Wuhrer, Manfred},
	title={Monitoring of immunoglobulin N- and O-glycosylation in health and disease},
	journal={Glycobiology},
	volume=30,
	number=4,
	pages={226--240},
	year=2020,
	issn={1460-2423},
	doi={10.1093/glycob/cwz048},
}


@article{yan2018structure,
	author={Yan, Qingrong and Huang, Maggie and Lewis, Michael J. and Hu, Ping},
	title={Structure Based Prediction of Asparagine Deamidation Propensity in Monoclonal Antibodies},
	journal={mAbs},
	volume=10,
	number=6,
	pages={901--912},
	year=2018,
	issn={1942-0862},
	doi={10.1080/19420862.2018.1478646},
}


@article{beyer2018microheterogeneity,
	author={Beyer, Beate and Schuster, Manfred and Jungbauer, Alois and Lingg, Nico},
	title={Microheterogeneity of Recombinant Antibodies: Analytics and Functional Impact},
	journal={Biotechnology Journal},
	volume=13,
	number=1,
	pages=1700476,
	year=2018,
	issn=18606768,
	doi={10.1002/biot.201700476},
}


@incollection{aristotle1908metaphysics,
	author={Aristotle},
	booktitle={Metaphysics},
	title={Metaphysics},
	year=1908,
	pages={1045810},
	address={Oxford (UK)},
}
waarschuwing: changed pages from {1045a.8–10},
waarschuwing: did not find edition
waarschuwing: did not find isbn

@article{schilling2003ms,
	author={Schilling, Birgit and Row, Richard H and Gibson, Bradford W and Guo, Xin and Young, Malin M},
	title={MS2Assign, automated assignment and nomenclature of tandem mass spectra of chemically crosslinked peptides},
	journal={Journal of the American Society for Mass Spectrometry},
	volume=14,
	number=8,
	pages={834--850},
	year=2003,
	issn={1879-1123},
	doi={10.1016/s1044-0305(03)00327-1},
}
waarschuwing: changed doi from {10.1016/S1044-0305(03)00327-1},

@article{fagerlund2017spacer,
	author={Fagerlund, Robert D. and Wilkinson, Max E. and Klykov, Oleg and Barendregt, Arjan and Pearce, F. Grant and Kieper, Sebastian N. and Maxwell, Howard W. R. and Capolupo, Angela and Heck, Albert J. R. and Krause, Kurt L. and Bostina, Mihnea and Scheltema, Richard A. and Staals, Raymond H. J. and Fineran, Peter C.},
	title={Spacer capture and integration by a type I-F Cas1–Cas2-3 CRISPR adaptation complex},
	journal={Proceedings of the National Academy of Sciences},
	volume=114,
	number=26,
	pages={5122--5128},
	year=2017,
	issn={0027-8424},
	doi={10.1073/pnas.1618421114},
}


@article{benda2014structural,
	author={Benda, Christian and Ebert, Judith and Scheltema, RichardA. and Schiller, HerbertB. and Baumgärtner, Marc and Bonneau, Fabien and Mann, Matthias and Conti, Elena},
	title={Structural Model of a CRISPR RNA-Silencing Complex Reveals the RNA-Target Cleavage Activity in Cmr4},
	journal={Molecular Cell},
	volume=56,
	number=1,
	pages={43--54},
	year=2014,
	issn=10972765,
	doi={10.1016/j.molcel.2014.09.002},
}
waarschuwing: changed author from {Benda, Christian and Ebert, Judith and Scheltema, Richard A. and Schiller, Herbert B. and Baumgärtner, Marc and Bonneau, Fabien and Mann, Matthias and Conti, Elena},

@article{joachimiak2014structural,
	author={Joachimiak, Lukasz A and Walzthoeni, Thomas and Liu, Corey W and Aebersold, Ruedi and Frydman, Judith},
	title={The structural basis of substrate recognition by the eukaryotic chaperonin TRiC/CCT},
	journal={Cell},
	volume=159,
	number=5,
	pages={1042--1055},
	year=2014,
	issn={1097-4172 0092-8674 },
	doi={10.1016/j.cell.2014.10.042},
}
waarschuwing: changed issn from {1097-4172 (Electronic)\r0092-8674 (Linking)},

@article{herzog2012structural,
	author={Herzog, F and Kahraman, A and Boehringer, D and Mak, R and Bracher, A and Walzthoeni, T and Leitner, A and Beck, M and Hartl, F.-U. and Ban, N and Malmstrom, L and Aebersold, R},
	title={Structural Probing of a Protein Phosphatase 2A Network by Chemical Cross-Linking and Mass Spectrometry},
	journal={Science},
	volume=337,
	number=6100,
	pages={1348--1352},
	year=2012,
	issn={1095-9203 0036-8075 },
	doi={10.1126/science.1221483},
}
waarschuwing: changed issn from {1095-9203 (Electronic)\r0036-8075 (Linking)},

@article{chen2010architecture,
	author={Chen, Zhuo Angel and Jawhari, Anass and Fischer, Lutz and Buchen, Claudia and Tahir, Salman and Kamenski, Tomislav and Rasmussen, Morten and Lariviere, Laurent and Bukowski-Wills, Jimi-Carlo and Nilges, Michael and Cramer, Patrick and Rappsilber, Juri},
	title={Architecture of the RNA polymerase II-TFIIF complex revealed by cross-linking and mass spectrometry.},
	journal={The EMBO journal},
	volume=29,
	number=4,
	pages={717--726},
	year=2010,
	issn={0261-4189},
	doi={10.1038/emboj.2009.401},
}


@article{armony2016cross-linking,
	author={Armony, Gad and Jacob, Etai and Moran, Toot and Levin, Yishai and Mehlman, Tevie and Levy, Yaakov and Fass, Deborah},
	title={Cross-linking reveals laminin coiled-coil architecture},
	journal={Proceedings of the National Academy of Sciences},
	volume=113,
	number=47,
	pages=201608424,
	year=2016,
	doi={10.1073/pnas.1608424113},
}
waarschuwing: did not find issn

@article{hosp2015double-barrel,
	author={Hosp, Fabian and Scheltema, Richard A. and Eberl, H. Christian and Kulak, Nils A. and Keilhauer, Eva C. and Mayr, Korbinian and Mann, Matthias},
	title={A Double-Barrel Liquid Chromatography- Tandem Mass Spectrometry (LC-MS/MS) System to Quantify 96 Interactomes per Day},
	journal={Molecular and Cellular Proteomics},
	volume=14,
	number=7,
	pages={2030--2041},
	year=2015,
	doi={10.1074/},
}
waarschuwing: did not find issn

@article{kao2011development,
	author={Kao, Athit and Chiu, C.-l. Chi-li and Vellucci, Danielle and Yang, Yingying and Patel, Vishal R and Guan, Shenheng and Randall, Arlo and Baldi, Pierre and Rychnovsky, Scott D and Huang, Lan},
	title={Development of a Novel Cross-linking Strategy for Fast and Accurate Identification of Cross-linked Peptides of Protein Complexes},
	journal={Molecular and Cellular Proteomics},
	volume=10,
	number=1,
	pages={110002212---110002212},
	year=2011,
	doi={10.1074/mcp.m110.002212},
}
waarschuwing: changed pages from {M110.002212---M110.002212},
waarschuwing: did not find issn
waarschuwing: changed doi from {10.1074/mcp.M110.002212},

@article{liu2015proteome-wide,
	author={Liu, Fan and Rijkers, Dirk T S and Post, Harm and Heck, Albert J R},
	title={Proteome-wide profiling of protein assemblies by cross-linking mass spectrometry},
	journal={Nat Meth},
	volume=12,
	number=12,
	pages={1179--1184},
	year=2015,
	issn={1548-7091},
}
waarschuwing: did not find doi

@article{liu2017optimized,
	author={Liu, Fan and Lössl, Philip and Scheltema, Richard and Viner, Rosa and Heck, Albert J R},
	title={Optimized fragmentation schemes and data analysis strategies for proteome-wide cross-link identification},
	journal={Nature Communications},
	volume=8,
	number={May},
	year=2017,
	issn=20411723,
	doi={10.1038/ncomms15473},
}
waarschuwing: fatal: changed number from {May},
waarschuwing: did not find pages

@article{schweppe2017mitochondrial,
	author={Schweppe, Devin K and Chavez, Juan D and Lee, Chi Fung and Caudal, Arianne and Kruse, Shane E and Stuppard, Rudy and Marcinek, David J and Shadel, Gerald S and Tian, Rong and Bruce, James E},
	title={Mitochondrial protein interactome elucidated by chemical cross-linking mass spectrometry.},
	journal={Proceedings of the National Academy of Sciences of the United States of America},
	volume=114,
	number=7,
	pages={1732--1737},
	year=2017,
	doi={10.1073/pnas.1617220114},
}
waarschuwing: did not find issn

@article{belsom2017complementary,
	author={Belsom, Adam and Mudd, Gemma and Giese, Sven and Auer, Manfred and Rappsilber, Juri},
	title={Complementary Benzophenone Cross-Linking/Mass Spectrometry Photochemistry},
	journal={Analytical Chemistry},
	volume=89,
	number=10,
	pages={5319--5324},
	year=2017,
	doi={10.1021/acs.analchem.6b04938},
}
waarschuwing: did not find issn

@article{shannon2003cytoscape:,
	author={Shannon, Paul and Markiel, Andrew and Ozier, Owen and Baliga, Nitin S and Wang, Jonathan T and Ramage, Daniel and Amin, Nada and Schwikowski, Benno and Ideker, Trey},
	title={Cytoscape: a software environment for integrated models of biomolecular interaction networks.},
	journal={Genome research},
	volume=13,
	number=11,
	pages={2498--504},
	year=2003,
	issn={1088-9051},
	doi={10.1101/gr.1239303},
}


@article{cline2007integration,
	author={Cline, S Melissa and Smoot, Michael and Cerami, Ethan and Kuchinsky, Allan and Landys, Nerius and Workman, Chris and Christmas, Rowan and Avila-campilo, Iliana and Creech, Michael and Gross, Benjamin and Hanspers, Kristina and Isserlin, Ruth and Kelley, Ryan and Killcoyne, Sarah and Lotia, Samad and Maere, Steven and Morris, John and Ono, Keiichiro and Pavlovic, Vuk and Pico, Alexander R and Vailaya, Aditya and Wang, Peng-Liang and Adler, Annette and Conklin, Bruce R and Hood, Leroy and Kuiper, Martin and Sander, Chris and Schmulevich, Ilya and Schwikowski, Benno and Warner, Guy J and Ideker, Trey and Bader, Gary D},
	title={Integration of biological networks and gene expression data using Cytoscape},
	journal={Nature protocols},
	volume=2,
	number=10,
	pages={2366--2382},
	year=2007,
	issn={1754-2189},
	doi={10.1038/nprot.2007.324.integration},
}
waarschuwing: changed doi from {10.1038/nprot.2007.324.Integration},

@article{bastian2009gephi:,
	author={Bastian, Mathieu and Heymann, Sebastien and Jacomy, Mathieu},
	title={Gephi: An Open Source Software for Exploring and Manipulating Networks},
	journal={Third International AAAI Conference on Weblogs and Social Media},
	pages={361--362},
	year=2009,
	issn=14753898,
	doi={10.1136/qshc.2004.010033},
}
waarschuwing: did not find volume
waarschuwing: did not find number

@article{agapito2013visualization,
	author={Agapito, Giuseppe and Guzzi, Pietro H and Cannataro, Mario},
	title={Visualization of protein interaction networks: Problems and solutions},
	journal={BMC Bioinformatics},
	volume=14,
	number=1,
	pages={1},
	year=2013,
	issn=14712105,
	doi={10.1186/1471-2105-14-s1-s1},
}
waarschuwing: changed number from {SUPPL.1},
waarschuwing: changed pages from {S1},
waarschuwing: changed doi from {10.1186/1471-2105-14-S1-S1},

@article{courcelles2017clmsvault:,
	author={Courcelles, Mathieu and Coulombe-Huntington, Jasmin and Cossette, Émilie and Gingras, Anne Claude and Thibault, Pierre and Tyers, Mike},
	title={CLMSVault: A Software Suite for Protein Cross-Linking Mass-Spectrometry Data Analysis and Visualization},
	journal={Journal of Proteome Research},
	volume=16,
	number=7,
	pages={2645--2652},
	year=2017,
	doi={10.1021/acs.jproteome.7b00205},
}
waarschuwing: did not find issn

@article{heymann2008msx-,
	author={Heymann, Michaël and Paramelle, David and Subra, Gilles and Forest, Eric and Martinez, Jean and Geourjon, Christophe and Deléage, Gilbert},
	title={MSX-3D: A tool to validate 3D protein models using mass spectrometry},
	journal={Bioinformatics},
	volume=24,
	number=23,
	pages={2782--2783},
	year=2008,
	issn=13674803,
	doi={10.1093/bioinformatics/btn510},
}


@article{kahraman2011xwalk:,
	author={Kahraman, Abdullah and Malmström, Lars and Aebersold, Ruedi},
	title={Xwalk: Computing and visualizing distances in cross-linking experiments},
	journal={Bioinformatics},
	volume=27,
	number=15,
	pages={2163--2164},
	year=2011,
	issn=13674803,
	doi={10.1093/bioinformatics/btr348},
}


@article{kosinski2015xlink,
	author={Kosinski, Jan and von Appen, Alexander and Ori, Alessandro and Karius, Kai and Müller, Christoph W and Beck, Martin},
	title={Xlink analyzer: Software for analysis and visualization of cross-linking data in the context of three-dimensional structures},
	journal={Journal of Structural Biology},
	volume=189,
	number=3,
	pages={177--183},
	year=2015,
	issn=10958657,
	doi={10.1016/j.jsb.2015.01.014},
}


@article{lima2015sim-xl:,
	author={Lima, Diogo B. and de Lima, Tatiani B. and Balbuena, Tiago S. and Neves-Ferreira, Ana Gisele C. and Barbosa, Valmir C. and Gozzo, Fábio C. and Carvalho, Paulo C. and Gisele, Ana and Neves-Ferreira, C and Barbosa, Valmir C. and Gozzo, Fábio C. and Carvalho, Paulo C.},
	title={SIM-XL: A powerful and user-friendly tool for peptide cross-linking analysis},
	journal={Journal of Proteomics},
	volume=129,
	pages={51--55},
	year=2015,
	issn=18767737,
	doi={10.1016/j.jprot.2015.01.013},
}
waarschuwing: did not find number

@article{riffle2016proxl,
	author={Riffle, Michael and Jaschob, Daniel and Zelter, Alex and Davis, Trisha N},
	title={ProXL (Protein Cross-linking Database): a platform for analysis, visualization, and sharing of protein cross-linking mass spectrometry data.},
	journal={Journal of proteome research},
	year=2016,
	doi={10.1021/acs.jproteome.6b00274},
}
waarschuwing: did not find volume
waarschuwing: did not find number
waarschuwing: did not find pages
waarschuwing: did not find issn

@article{schweppe2015xlmap:,
	author={Schweppe, Devin K and Chavez, Juan D and Bruce, James E},
	title={XLmap: An R package to visualize and score protein structure models based on sites of protein cross-linking},
	journal={Bioinformatics},
	volume=32,
	number=2,
	pages={306--308},
	year=2015,
	issn=14602059,
	doi={10.1093/bioinformatics/btv519},
}


@article{schweppe2016xlinkdb,
	author={Schweppe, Devin K and Zheng, Chunxiang and Chavez, Juan D and Navare, Arti T and Wu, Xia and Eng, Jimmy K and Bruce, James E},
	title={XLinkDB 2.0: Integrated, large-scale structural analysis of protein crosslinking data},
	journal={Bioinformatics},
	volume=32,
	number=17,
	pages={2716--2718},
	year=2016,
	doi={10.1093/bioinformatics/btw232},
}
waarschuwing: did not find issn

@article{solis-mezarino2017complexview:,
	author={Solis-Mezarino, Victor and Herzog, Franz},
	title={CompleXView: A server for the interpretation of protein abundance and connectivity information to identify protein complexes},
	journal={Nucleic Acids Research},
	volume=45,
	number=1,
	pages={276--284},
	year=2017,
	issn=13624962,
	doi={10.1093/nar/gkx411},
}
waarschuwing: changed number from {W1},
waarschuwing: changed pages from {W276--W284},

@article{combe2015xinet:,
	author={Combe, Colin W and Fischer, Lutz and Rappsilber, Juri},
	title={xiNET: cross-link network maps with residue resolution},
	journal={Molecular and Cellular Proteomics},
	volume=14,
	number=4,
	pages={1137--1147},
	year=2015,
	doi={10.1074/mcp.o114.042259},
}
waarschuwing: did not find issn
waarschuwing: changed doi from {10.1074/mcp.O114.042259},

@article{grimm2015xvis:,
	author={Grimm, Maximilian and Zimniak, Tomasz and Kahraman, Abdullah and Herzog, Franz},
	title={xVis: a web server for the schematic visualization and interpretation of crosslink-derived spatial restraints.},
	journal={Nucleic acids research},
	volume=43,
	number={May},
	pages={362---369},
	year=2015,
	doi={10.1093/nar/gkv463},
}
waarschuwing: fatal: changed number from {May},
waarschuwing: changed pages from {W362---W369},
waarschuwing: did not find issn

@article{morimoto2013small-angle,
	author={Morimoto, Yasumasa and Nakagawa, Takashi and Kojima, Masaki},
	title={Small-angle X-ray scattering constraints and local geometry like secondary structures can construct a coarse-grained protein model at amino acid residue resolution},
	journal={Biochemical and Biophysical Research Communications},
	volume=431,
	number=1,
	pages={65--69},
	year=2013,
	issn={0006291},
	doi={10.1016/j.bbrc.2012.12.091},
}
waarschuwing: changed issn from {0006291X},

@article{bateman2017uniprot:,
	author={Bateman, Alex and Martin, Maria Jesus and ODonovan, Claire and Magrane, Michele and Alpi, Emanuele and Antunes, Ricardo and Bely, Benoit and Bingley, Mark and Bonilla, Carlos and Britto, Ramona and Bursteinas, Borisas and Bye-AJee, Hema and Cowley, Andrew and Da Silva, Alan and De Giorgi, Maurizio and Dogan, Tunca and Fazzini, Francesco and Castro, Leyla Garcia and Figueira, Luis and Garmiri, Penelope and Georghiou, George and Gonzalez, Daniel and Hatton-Ellis, Emma and Li, Weizhong and Liu, Wudong and Lopez, Rodrigo and Luo, Jie and Lussi, Yvonne and MacDougall, Alistair and Nightingale, Andrew and Palka, Barbara and Pichler, Klemens and Poggioli, Diego and Pundir, Sangya and Pureza, Luis and Qi, Guoying and Rosanoff, Steven and Saidi, Rabie and Sawford, Tony and Shypitsyna, Aleksandra and Speretta, Elena and Turner, Edward and Tyagi, Nidhi and Volynkin, Vladimir and Wardell, Tony and Warner, Kate and Watkins, Xavier and Zaru, Rossana and Zellner, Hermann and Xenarios, Ioannis and Bougueleret, Lydie and Bridge, Alan and Poux, Sylvain and Redaschi, Nicole and Aimo, Lucila and ArgoudPuy, Ghislaine and Auchincloss, Andrea and Axelsen, Kristian and Bansal, Parit and Baratin, Delphine and Blatter, Marie Claude and Boeckmann, Brigitte and Bolleman, Jerven and Boutet, Emmanuel and Breuza, Lionel and Casal-Casas, Cristina and De Castro, Edouard and Coudert, Elisabeth and Cuche, Beatrice and Doche, Mikael and Dornevil, Dolnide and Duvaud, Severine and Estreicher, Anne and Famiglietti, Livia and Feuermann, Marc and Gasteiger, Elisabeth and Gehant, Sebastien and Gerritsen, Vivienne and Gos, Arnaud and Gruaz-Gumowski, Nadine and Hinz, Ursula and Hulo, Chantal and Jungo, Florence and Keller, Guillaume and Lara, Vicente and Lemercier, Philippe and Lieberherr, Damien and Lombardot, Thierry and Martin, Xavier and Masson, Patrick and Morgat, Anne and Neto, Teresa and Nouspikel, Nevila and Paesano, Salvo and Pedruzzi, Ivo and Pilbout, Sandrine and Pozzato, Monica and Pruess, Manuela and Rivoire, Catherine and Roechert, Bernd and Schneider, Michel and Sigrist, Christian and Sonesson, Karin and Staehli, Sylvie and Stutz, Andre and Sundaram, Shyamala and Tognolli, Michael and Verbregue, Laure and Veuthey, Anne Lise and Wu, Cathy H. and Arighi, Cecilia N. and Arminski, Leslie and Chen, Chuming and Chen, Yongxing and Garavelli, John S. and Huang, Hongzhan and Laiho, Kati and McGarvey, Peter and Natale, Darren A. and Ross, Karen and Vinayaka, C. R. and Wang, Qinghua and Wang, Yuqi and Yeh, Lai Su and Zhang, Jian},
	title={UniProt: The universal protein knowledgebase},
	journal={Nucleic Acids Research},
	volume=45,
	pages={158--169},
	year=2017,
	issn=13624962,
	doi={10.1093/nar/gkw1099},
}
waarschuwing: changed author from {Bateman, Alex and Martin, Maria Jesus and O'Donovan, Claire and Magrane, Michele and Alpi, Emanuele and Antunes, Ricardo and Bely, Benoit and Bingley, Mark and Bonilla, Carlos and Britto, Ramona and Bursteinas, Borisas and Bye-AJee, Hema and Cowley, Andrew and Da Silva, Alan and De Giorgi, Maurizio and Dogan, Tunca and Fazzini, Francesco and Castro, Leyla Garcia and Figueira, Luis and Garmiri, Penelope and Georghiou, George and Gonzalez, Daniel and Hatton-Ellis, Emma and Li, Weizhong and Liu, Wudong and Lopez, Rodrigo and Luo, Jie and Lussi, Yvonne and MacDougall, Alistair and Nightingale, Andrew and Palka, Barbara and Pichler, Klemens and Poggioli, Diego and Pundir, Sangya and Pureza, Luis and Qi, Guoying and Rosanoff, Steven and Saidi, Rabie and Sawford, Tony and Shypitsyna, Aleksandra and Speretta, Elena and Turner, Edward and Tyagi, Nidhi and Volynkin, Vladimir and Wardell, Tony and Warner, Kate and Watkins, Xavier and Zaru, Rossana and Zellner, Hermann and Xenarios, Ioannis and Bougueleret, Lydie and Bridge, Alan and Poux, Sylvain and Redaschi, Nicole and Aimo, Lucila and ArgoudPuy, Ghislaine and Auchincloss, Andrea and Axelsen, Kristian and Bansal, Parit and Baratin, Delphine and Blatter, Marie Claude and Boeckmann, Brigitte and Bolleman, Jerven and Boutet, Emmanuel and Breuza, Lionel and Casal-Casas, Cristina and De Castro, Edouard and Coudert, Elisabeth and Cuche, Beatrice and Doche, Mikael and Dornevil, Dolnide and Duvaud, Severine and Estreicher, Anne and Famiglietti, Livia and Feuermann, Marc and Gasteiger, Elisabeth and Gehant, Sebastien and Gerritsen, Vivienne and Gos, Arnaud and Gruaz-Gumowski, Nadine and Hinz, Ursula and Hulo, Chantal and Jungo, Florence and Keller, Guillaume and Lara, Vicente and Lemercier, Philippe and Lieberherr, Damien and Lombardot, Thierry and Martin, Xavier and Masson, Patrick and Morgat, Anne and Neto, Teresa and Nouspikel, Nevila and Paesano, Salvo and Pedruzzi, Ivo and Pilbout, Sandrine and Pozzato, Monica and Pruess, Manuela and Rivoire, Catherine and Roechert, Bernd and Schneider, Michel and Sigrist, Christian and Sonesson, Karin and Staehli, Sylvie and Stutz, Andre and Sundaram, Shyamala and Tognolli, Michael and Verbregue, Laure and Veuthey, Anne Lise and Wu, Cathy H. and Arighi, Cecilia N. and Arminski, Leslie and Chen, Chuming and Chen, Yongxing and Garavelli, John S. and Huang, Hongzhan and Laiho, Kati and McGarvey, Peter and Natale, Darren A. and Ross, Karen and Vinayaka, C. R. and Wang, Qinghua and Wang, Yuqi and Yeh, Lai Su and Zhang, Jian},
waarschuwing: did not find number
waarschuwing: changed pages from {D158--D169},

@article{zundert2016disvis,
	author={van Zundert, G.C.P. and Trellet, M. and Schaarschmidt, J. and Kurkcuoglu, Z. and David, M. and Verlato, M. and Rosato, A. and Bonvin, A.M.J.J.},
	title={The DisVis and PowerFit Web Servers: Explorative and Integrative Modeling of Biomolecular Complexes},
	journal={Journal of Molecular Biology},
	volume=429,
	number=3,
	pages={399--407},
	year=2016,
	issn=00222836,
	doi={10.1016/j.jmb.2016.11.032},
}


@article{zundert2015disvis:,
	author={van Zundert, G. C.P. and Bonvin, A. M.J.J.},
	title={DisVis: Quantifying and visualizing accessible interaction space of distance-restrained biomolecular complexes},
	journal={Bioinformatics},
	volume=31,
	number=19,
	pages={3222--3224},
	year=2015,
	issn=14602059,
	doi={10.1093/bioinformatics/btv333},
}


@article{klykov2018efficient,
	author={Klykov, Oleg and Steigenberger, Barbara and Pekta, Sibel and Fasci, Domenico and Heck, Albert J. R. and Scheltema, Richard A.},
	title={Efficient and robust proteome-wide approaches for cross-linking mass spectrometry},
	journal={Nature Protocols},
	volume=13,
	number=12,
	pages={2964--2990},
	year=2018,
	issn={1754-2189},
	doi={10.1038/s41596-018-0074-x},
}
waarschuwing: changed author from {Klykov, Oleg and Steigenberger, Barbara and Pektaş, Sibel and Fasci, Domenico and Heck, Albert J. R. and Scheltema, Richard A.},

@article{hennrich2011improving,
	author={Hennrich, Marco L. and Groenewold, Vincent and Kops, Geert J P L and Heck, Albert J R and Mohammed, Shabaz},
	title={Improving depth in phosphoproteomics by using a strong cation exchange-weak anion exchange-reversed phase multidimensional separation approach},
	journal={Analytical Chemistry},
	volume=83,
	number=18,
	pages={7137--7143},
	year=2011,
	issn=00032700,
	doi={10.1021/ac2015068},
}


@article{vizcaíno2014proteomexchange,
	author={Vizcaíno, Juan A and Deutsch, Eric W and Wang, Rui and Csordas, Attila and Reisinger, Florian and Ríos, Daniel and Dianes, José A and Sun, Zhi and Farrah, Terry and Bandeira, Nuno and Binz, Pierre Alain and Xenarios, Ioannis and Eisenacher, Martin and Mayer, Gerhard and Gatto, Laurent and Campos, Alex and Chalkley, Robert J and Kraus, Hans Joachim and Albar, Juan Pablo and Martinez-Bartolomé, Salvador and Apweiler, Rolf and Omenn, Gilbert S and Martens, Lennart and Jones, Andrew R and Hermjakob, Henning},
	title={ProteomeXchange provides globally coordinated proteomics data submission and dissemination},
	journal={Nature Biotechnology},
	volume=32,
	number=3,
	pages={223--226},
	year=2014,
	issn=15461696,
	doi={10.1038/nbt.2839},
}


@article{levenstein1966binary,
	author={Levenstein, V. I.},
	title={Binary codes capable of correcting deletions, insertions, and reversals},
	journal={Cybernetics and Control Theory},
	volume=10,
	number=8,
	pages={707--710},
	year=1966,
}
waarschuwing: did not find issn
waarschuwing: did not find doi

@article{noack2007energy,
	author={Noack, Andreas},
	title={Energy Models for Graph Clustering},
	journal={Journal of Graph Algorithms and Applications},
	volume=11,
	number=2,
	pages={453--480},
	year=2007,
}
waarschuwing: did not find issn
waarschuwing: did not find doi

@article{pajntar1900overview,
	author={Pajntar, Boštjan},
	title={Overview of Algorithms for Graph Drawing},
	journal={Knowledge Creation Diffusion Utilization},
	pages={3--6},
	year=1900,
}
waarschuwing: did not find volume
waarschuwing: did not find number
waarschuwing: did not find issn
waarschuwing: did not find doi

@article{huerta-cepas2016eggnog,
	author={Huerta-Cepas, Jaime and Szklarczyk, Damian and Forslund, Kristoffer and Cook, Helen and Heller, Davide and Walter, Mathias C and Rattei, Thomas and Mende, Daniel R and Sunagawa, Shinichi and Kuhn, Michael and Jensen, Lars Juhl and Von Mering, Christian and Bork, Peer},
	title={EGGNOG 4.5: A hierarchical orthology framework with improved functional annotations for eukaryotic, prokaryotic and viral sequences},
	journal={Nucleic Acids Research},
	volume=44,
	pages={286--293},
	year=2016,
	issn=13624962,
	doi={10.1093/nar/gkv1248},
}
waarschuwing: did not find number
waarschuwing: changed pages from {D286--D293},

@article{rivals2007enrichment,
	author={Rivals, Isabelle and Personnaz, Léon and Taing, Lieng and Potier, Marie Claude},
	title={Enrichment or depletion of a GO category within a class of genes: Which test?},
	journal={Bioinformatics},
	volume=23,
	number=4,
	pages={401--407},
	year=2007,
	issn=13674803,
	doi={10.1093/bioinformatics/btl633},
}


@article{pettersen2004ucsf,
	author={Pettersen, Eric F. and Goddard, Thomas D. and Huang, Conrad C. and Couch, Gregory S. and Greenblatt, Daniel M. and Meng, Elaine C. and Ferrin, Thomas E.},
	title={UCSF Chimera - A visualization system for exploratory research and analysis},
	journal={Journal of Computational Chemistry},
	volume=25,
	number=13,
	pages={1605--1612},
	year=2004,
	issn=01928651,
	doi={10.1002/jcc.20084},
}


@article{henikoff1992amino,
	author={Henikoff, S. and Henikoff, Jorja G},
	title={Amino acid substitution matrices from protein blocks.},
	journal={Proceedings of the National Academy of Sciences},
	volume=89,
	number=22,
	pages={10915--10919},
	year=1992,
	issn={0027-8424},
	doi={10.1073/pnas.89.22.10915},
}


@article{dominguez2003haddock:,
	author={Dominguez, Cyril and Boelens, Rolf and Bonvin, Alexandre M.J.J.},
	title={HADDOCK: A protein-protein docking approach based on biochemical or biophysical information},
	journal={Journal of the American Chemical Society},
	volume=125,
	number=7,
	pages={1731--1737},
	year=2003,
	issn=00027863,
	doi={10.1021/ja026939x},
}


@article{zundert2016haddock,
	author={van Zundert, G. C.P. and Rodrigues, J. P.G.L.M. and Trellet, M. and Schmitz, C. and Kastritis, P. L. and Karaca, E. and Melquiond, A. S.J. and Van Dijk, M. and De Vries, S. J. and Bonvin, A. M.J.J.},
	title={The HADDOCK2.2 Web Server: User-Friendly Integrative Modeling of Biomolecular Complexes},
	journal={Journal of Molecular Biology},
	volume=428,
	number=4,
	pages={720--725},
	year=2016,
	issn=10898638,
	doi={10.1016/j.jmb.2015.09.014},
}


@article{jain1900data,
	author={Jain, Anil K},
	title={Data clustering: 50 years beyond K-means q},
	year=1900,
	doi={10.1016/j.patrec.2009.09.011},
}
waarschuwing: did not find journal
waarschuwing: did not find volume
waarschuwing: did not find number
waarschuwing: did not find pages
waarschuwing: did not find issn

@article{yang2014i-tasser,
	author={Yang, Jianyi and Yan, Renxiang and Roy, Ambrish and Xu, Dong and Poisson, Jonathan and Zhang, Yang},
	title={The I-TASSER Suite: protein structure and function prediction},
	journal={Nature Methods},
	volume=12,
	number=1,
	pages={7--8},
	year=2014,
	issn={1548-7091},
	doi={10.1038/nmeth.3213},
}


@article{bienert2017swiss-model,
	author={Bienert, Stefan and Waterhouse, Andrew and De Beer, Tjaart A.P. and Tauriello, Gerardo and Studer, Gabriel and Bordoli, Lorenza and Schwede, Torsten},
	title={The SWISS-MODEL Repository-new features and functionality},
	journal={Nucleic Acids Research},
	volume=45,
	pages={313--319},
	year=2017,
	issn=13624962,
	doi={10.1093/nar/gkw1132},
}
waarschuwing: did not find number
waarschuwing: changed pages from {D313--D319},

@article{akamine2003dynamic,
	author={Akamine, Pearl and Madhusudan and Wu, Jian and Xuong, Nguyen Huu and Ten Eyck, Lynn F and Taylor, Susan S},
	title={Dynamic features of cAMP-dependent protein kinase revealed by apoenzyme crystal structure},
	journal={Journal of Molecular Biology},
	volume=327,
	number=1,
	pages={159--171},
	year=2003,
	issn=00222836,
	doi={10.1016/s0022-2836(02)01446-8},
}
waarschuwing: changed doi from {10.1016/S0022-2836(02)01446-8},

@article{szklarczyk2015string,
	author={Szklarczyk, Damian and Franceschini, Andrea and Wyder, Stefan and Forslund, Kristoffer and Heller, Davide and Huerta-Cepas, Jaime and Simonovic, Milan and Roth, Alexander and Santos, Alberto and Tsafou, Kalliopi P and Kuhn, Michael and Bork, Peer and Jensen, Lars J and Von Mering, Christian},
	title={STRING v10: Protein-protein interaction networks, integrated over the tree of life},
	journal={Nucleic Acids Research},
	volume=43,
	number=1,
	pages={447---452},
	year=2015,
	issn=13624962,
	doi={10.1093/nar/gku1003},
}
waarschuwing: changed number from {D1},
waarschuwing: changed pages from {D447---D452},

@article{ruepp2008corum:,
	author={Ruepp, Andreas and Brauner, Barbara and Dunger-Kaltenbach, Irmtraud and Frishman, Goar and Montrone, Corinna and Stransky, Michael and Waegele, Brigitte and Schmidt, Thorsten and Doudieu, Octave Noubibou and Stümpflen, Volker and Mewes, H Werner},
	title={CORUM: The comprehensive resource of mammalian protein complexes},
	journal={Nucleic Acids Research},
	volume=36,
	number= 1,
	pages={646--650},
	year=2008,
	issn=03051048,
	doi={10.1093/nar/gkm936},
}
waarschuwing: changed number from {SUPPL. 1},

@article{hoopmann2016open,
	author={Hoopmann, Michael R and Mendoza, Luis and Deutsch, Eric W and Shteynberg, David and Moritz, Robert L},
	title={An Open Data Format for Visualization and Analysis of Cross-Linked Mass Spectrometry Results},
	journal={Journal of The American Society for Mass Spectrometry},
	pages={1--7},
	year=2016,
	issn=1336101614358,
	doi={10.1007/s13361-016-1435-8},
}
waarschuwing: did not find volume
waarschuwing: did not find number
waarschuwing: changed doi from {10.1007/S13361-016-1435-8},

@article{xiaojingwang2018pepxmltab:,
	author={Xiaojing Wang},
	title={pepXMLTab: Parsing pepXML files and filter based on peptide FDR.},
	year=2018,
	doi= {10.18129/b9.bioc.pepxmltab},
}
waarschuwing: did not find journal
waarschuwing: did not find volume
waarschuwing: did not find number
waarschuwing: did not find pages
waarschuwing: did not find issn
waarschuwing: changed doi from {https://doi.org/doi:10.18129/B9.bioc.pepXMLTab},
waarschuwing: changed doi from  {10.18129/B9.bioc.pepXMLTab},

@article{schroeder2006similarity,
	author={Schroeder, Harry W.},
	title={Similarity and divergence in the development and expression of the mouse and human antibody repertoires},
	journal={Developmental and Comparative Immunology},
	volume=30,
	number=12,
	pages={119--135},
	year=2006,
	issn={0145305},
	doi={10.1016/j.dci.2005.06.006},
}
waarschuwing: changed number from {1-2},
waarschuwing: changed issn from {0145305X},

@article{apostoaei2012review,
	author={Apostoaei, A Iulian and Trabalka, John R},
	title={REVIEW, SYNTHESIS, AND APPLICATION OF INFORMATION ON THE HUMAN LYMPHATIC SYSTEM TO RADIATION DOSIMETRY FOR CHRONIC LYMPHOCYTIC LEUKEMIA FINAL REPORT},
	year=2012,
}
waarschuwing: did not find journal
waarschuwing: did not find volume
waarschuwing: did not find number
waarschuwing: did not find pages
waarschuwing: did not find issn
waarschuwing: did not find doi

@article{soto2019high,
	author={Soto, Cinque and Bombardi, Robin G. and Branchizio, Andre and Kose, Nurgun and Matta, Pranathi and Sevy, Alexander M. and Sinkovits, Robert S. and Gilchuk, Pavlo and Finn, Jessica A. and Crowe, James E.},
	title={High frequency of shared clonotypes in human B cell receptor repertoires},
	journal={Nature},
	volume=566,
	number=7744,
	pages={398--402},
	year=2019,
	issn=14764687,
	doi={10.1038/s41586-019-0934-8},
}
waarschuwing: changed doi from {10.1038/S41586-019-0934-8},

@article{dyer2019two,
	author={Dyer, Owen},
	title={Two Ebola treatments halve deaths in trial in DRC outbreak},
	journal={BMJ (Clinical research ed.)},
	volume=366,
	pages={5140},
	year=2019,
	issn=17561833,
	doi={10.1136/bmj.l5140},
}
waarschuwing: did not find number
waarschuwing: changed pages from {l5140},
waarschuwing: changed doi from {10.1136/BMJ.L5140},

@article{mulangu2019randomized,
	author={Mulangu, Sabue and Dodd, Lori E. and Davey, Richard T. and Tshiani Mbaya, Olivier and Proschan, Michael and Mukadi, Daniel and Lusakibanza Manzo, Mariano and Nzolo, Didier and Tshomba Oloma, Antoine and Ibanda, Augustin and Ali, Rosine and Coulibaly, Sinaré and Levine, Adam C. and Grais, Rebecca and Diaz, Janet and Lane, H. Clifford and Muyembe-Tamfum, Jean-Jacques and the PALM Writing Group},
	title={A Randomized, Controlled Trial of Ebola Virus Disease Therapeutics},
	journal={New England Journal of Medicine},
	volume=381,
	number=24,
	pages={2293--2303},
	year=2019,
	issn={0028-4793},
	doi={10.1056/nejmoa1910993},
}
waarschuwing: changed doi from {10.1056/NEJMOA1910993},

@article{jones2021neutralizing,
	author={Jones, Bryan E. and Brown-Augsburger, Patricia L. and Corbett, Kizzmekia S. and Westendorf, Kathryn and Davies, Julian and Cujec, Thomas P. and Wiethoff, Christopher M. and Blackbourne, Jamie L. and Heinz, Beverly A. and Foster, Denisa and Higgs, Richard E. and Balasubramaniam, Deepa and Wang, Lingshu and Zhang, Yi and Yang, Eun Sung and Bidshahri, Roza and Kraft, Lucas and Hwang, Yuri and entelis, Stefanie and Jepson, Kevin R. and Goya, Rodrigo and Smith, Maia A. and Collins, David W. and Hinshaw, Samuel J. and Tycho, Sean A. and Pellacani, Davide and Xiang, Ping and Muthuraman, Krithika and Sobhanifar, Solmaz and Piper, Marissa H. and Triana, Franz J. and Hendle, Jorg and Pustilnik, Anna and Adams, Andrew C. and Berens, Shawn J. and Baric, Ralph S. and Martinez, David R. and Cross, Robert W. and Geisbert, Thomas W. and Borisevich, Viktoriya and Abiona, Olubukola and Belli, Hayley M. and de Vries, Maren and Mohamed, Adil and Dittmann, Meike and Samanovic, Marie I. and Mulligan, Mark J. and Goldsmith, Jory A. and Hsieh, Ching Lin and Johnson, V. Nicole and Wrapp, Daniel and McLellan, Jason S. and Barnhart, Bryan C. and Graham, Barney S. and Mascola, John R. and Hansen, Carl L. and Falconer, Ester},
	title={The neutralizing antibody, LY-CoV555, protects against SARS-CoV-2 infection in nonhuman primates},
	journal={Science Translational Medicine},
	volume=13,
	number=593,
	year=2021,
	issn=19466242,
	doi={10.1126/scitranslmed.abf1906},
}
waarschuwing: changed author from {Jones, Bryan E. and Brown-Augsburger, Patricia L. and Corbett, Kizzmekia S. and Westendorf, Kathryn and Davies, Julian and Cujec, Thomas P. and Wiethoff, Christopher M. and Blackbourne, Jamie L. and Heinz, Beverly A. and Foster, Denisa and Higgs, Richard E. and Balasubramaniam, Deepa and Wang, Lingshu and Zhang, Yi and Yang, Eun Sung and Bidshahri, Roza and Kraft, Lucas and Hwang, Yuri and Žentelis, Stefanie and Jepson, Kevin R. and Goya, Rodrigo and Smith, Maia A. and Collins, David W. and Hinshaw, Samuel J. and Tycho, Sean A. and Pellacani, Davide and Xiang, Ping and Muthuraman, Krithika and Sobhanifar, Solmaz and Piper, Marissa H. and Triana, Franz J. and Hendle, Jorg and Pustilnik, Anna and Adams, Andrew C. and Berens, Shawn J. and Baric, Ralph S. and Martinez, David R. and Cross, Robert W. and Geisbert, Thomas W. and Borisevich, Viktoriya and Abiona, Olubukola and Belli, Hayley M. and de Vries, Maren and Mohamed, Adil and Dittmann, Meike and Samanovic, Marie I. and Mulligan, Mark J. and Goldsmith, Jory A. and Hsieh, Ching Lin and Johnson, V. Nicole and Wrapp, Daniel and McLellan, Jason S. and Barnhart, Bryan C. and Graham, Barney S. and Mascola, John R. and Hansen, Carl L. and Falconer, Ester},
waarschuwing: did not find pages
waarschuwing: changed doi from {10.1126/SCITRANSLMED.ABF1906},

@article{vollmers2013genetic,
	author={Vollmers, Christopher and Sit, V. Rene and Weinstein, Joshua A. and Dekker, Cornelia L. and Quake, Stephen R.},
	title={Genetic measurement of memory B-cell recall using antibody repertoire sequencing},
	journal={Proceedings of the National Academy of Sciences of the United States of America},
	volume=110,
	number=33,
	pages={13463--13468},
	year=2013,
	issn=00278424,
	doi={10.1073/pnas.1312146110},
}
waarschuwing: changed doi from {10.1073/PNAS.1312146110},

@article{cassidy1975human,
	author={Cassidy, James T. and Nordby, Gordon L.},
	title={Human serum immunoglobulin concentrations: Prevalence of immunoglobulin deficiencies},
	journal={The Journal of Allergy and Clinical Immunology},
	volume=55,
	number=1,
	pages={35--48},
	year=1975,
	issn=00916749,
	doi={10.1016/s0091-6749(75)80006-6},
}
waarschuwing: changed doi from {10.1016/S0091-6749(75)80006-6},

@article{gonzalez-quintela2008serum,
	author={Gonzalez-Quintela, A. and Alende, R. and Gude, F. and Campos, J. and Rey, J. and Meijide, L. M. and Fernandez-Merino, C. and Vidal, C.},
	title={Serum levels of immunoglobulins (IgG, IgA, IgM) in a general adult population and their relationship with alcohol consumption, smoking and common metabolic abnormalities},
	journal={Clinical and Experimental Immunology},
	volume=151,
	number=1,
	pages={42--50},
	year=2008,
	issn=00099104,
	doi={10.1111/j.1365-2249.2007.03545.x},
}
waarschuwing: changed doi from {10.1111/J.1365-2249.2007.03545.X},

@article{giessen1975quantification,
	author={Van Der Giessen, Marijke and Rossouw, Emmerentia and Algra-Van Veen, Tineke and Loghem, Van Erna and Zegers, B J M and Sander, P C},
	title={QUANTIFICATION OF IgG SUBCLASSES IN SERA OF NORMAL ADULTS AND HEALTHY CHILDREN BETWEEN 4 AND 12 YEARS OF AGE},
	journal={Clin. exp. Immunol},
	volume=21,
	pages={501--509},
	year=1975,
}
waarschuwing: did not find number
waarschuwing: did not find issn
waarschuwing: did not find doi

@article{chen2017proteomic,
	author={Chen, Jing and Zheng, Qi and Hammers, Christoph M. and Ellebrecht, Christoph T. and Mukherjee, Eric M. and Tang, Hsin Yao and Lin, Chenyan and Yuan, Huijie and Pan, Meng and Langenhan, Jana and Komorowski, Lars and Siegel, Don L. and Payne, Aimee S. and Stanley, John R.},
	title={Proteomic Analysis of Pemphigus Autoantibodies Indicates a Larger, More Diverse, and More Dynamic Repertoire than Determined by B Cell Genetics},
	journal={Cell Reports},
	volume=18,
	number=1,
	pages={237--247},
	year=2017,
	issn=22111247,
	doi={10.1016/j.celrep.2016.12.013},
}


@article{wine2013molecular,
	author={Wine, Yariv and Boutz, Daniel R. and Lavinder, Jason J. and Miklos, Aleksandr E. and Hughes, Randall A. and Hoi, Kam Hon and Jung, Sang Taek and Horton, Andrew P. and Murrin, Ellen M. and Ellington, Andrew D. and Marcotte, Edward M. and Georgiou, George},
	title={Molecular deconvolution of the monoclonal antibodies that comprise the polyclonal serum response},
	journal={Proceedings of the National Academy of Sciences of the United States of America},
	volume=110,
	number=8,
	pages={2993--2998},
	year=2013,
	issn=00278424,
	doi={10.1073/pnas.1213737110},
}
waarschuwing: changed doi from {10.1073/PNAS.1213737110},

@article{barnidge2014phenotyping,
	author={Barnidge, David R. and Dasari, Surendra and Ramirez-Alvarado, Marina and Fontan, Adrian and Willrich, Maria A.V. and Tschumper, Renee C. and Jelinek, Diane F. and Snyder, Melissa R. and Dispenzieri, Angela and Katzmann, Jerry A. and Murray, David L.},
	title={Phenotyping polyclonal kappa and lambda light chain molecular mass distributions in patient serum using mass spectrometry},
	journal={Journal of Proteome Research},
	volume=13,
	number=11,
	pages={5198--5205},
	year=2014,
	issn=15353907,
	doi={10.1021/pr5005967},
}
waarschuwing: changed doi from {10.1021/PR5005967},

@article{barnidge2014using,
	author={Barnidge, David R. and Dasari, Surendra and Botz, Chad M. and Murray, Danelle H. and Snyder, Melissa R. and Katzmann, Jerry A. and Dispenzieri, Angela and Murray, David L.},
	title={Using mass spectrometry to monitor monoclonal immunoglobulins in patients with a monoclonal gammopathy},
	journal={Journal of Proteome Research},
	volume=13,
	number=3,
	pages={1419--1427},
	year=2014,
	issn=15353893,
	doi={10.1021/pr400985k},
}
waarschuwing: changed doi from {10.1021/PR400985K},

@article{spoerry2016novel,
	author={Spoerry, Christian and Hessle, Pontus and Lewis, Melanie J. and Paton, Lois and Woof, Jenny M. and Von Pawel-Rammingen, Ulrich},
	title={Novel IgG-degrading enzymes of the IgdE protease family link substrate specificity to host tropism of streptococcus species},
	journal={PLoS ONE},
	volume=11,
	number=10,
	year=2016,
	issn=19326203,
	doi={10.1371/journal.pone.0164809},
}
waarschuwing: did not find pages
waarschuwing: changed doi from {10.1371/JOURNAL.PONE.0164809},

@article{lefranc1999imgt,
	author={Lefranc, Marie Paule and Giudicelli, Véronique and Ginestoux, Chantal and Bodmer, Julia and Müller, Werner and Bontrop, Ronald and Lemaitre, Marc and Malik, Ansar and Barbié, Valérie and Chaume, Denys},
	title={IMGT, the international ImMunoGeneTics database},
	journal={Nucleic Acids Research},
	volume=27,
	number=1,
	pages={209--212},
	year=1999,
	issn=03051048,
	doi={10.1093/nar/27.1.209},
}
waarschuwing: changed doi from {10.1093/NAR/27.1.209},

@article{bondt2016fab,
	author={Bondt, Albert and Wuhrer, Manfred and Kuijper, T. Martijn and Hazes, Johanna M.W. and Dolhain, Radboud J.E.M.},
	title={Fab glycosylation of immunoglobulin G does not associate with improvement of rheumatoid arthritis during pregnancy},
	journal={Arthritis Research and Therapy},
	volume=18,
	number=1,
	year=2016,
	issn=14786362,
	doi={10.1186/s13075-016-1172-1},
}
waarschuwing: did not find pages
waarschuwing: changed doi from {10.1186/S13075-016-1172-1},

@article{hafkenscheid2017structural,
	author={Hafkenscheid, Lise and Bondt, Albert and Scherer, Hans U. and Huizinga, Tom W.J. and Wuhrer, Manfred and Toes, René E.M. and Rombouts, Yoann},
	title={Structural analysis of variable domain glycosylation of anti-citrullinated protein antibodies in rheumatoid arthritis reveals the presence of highly sialylated glycans},
	journal={Molecular and Cellular Proteomics},
	volume=16,
	number=2,
	pages={278--287},
	year=2017,
	issn=15359484,
	doi={10.1074/mcp.m116.062919},
}
waarschuwing: changed doi from {10.1074/mcp.M116.062919},

@article{williams2017potent,
	author={Williams, La Tonya D. and Ofek, Gilad and Schätzle, Sebastian and McDaniel, Jonathan R. and Lu, Xiaozhi and Nicely, Nathan I. and Wu, Liming and Lougheed, Caleb S. and Bradley, Todd and Louder, Mark K. and McKee, Krisha and Bailer, Robert T. and O’Dell, Sijy and Georgiev, Ivelin S. and Seaman, Michael S. and Parks, Robert J. and Marshall, Dawn J. and Anasti, Kara and Yang, Guang and Nie, Xiaoyan and Tumba, Nancy L. and Wiehe, Kevin and Wagh, Kshitij and Korber, Bette and Kepler, Thomas B. and Munir Alam, S. and Morris, Lynn and Kamanga, Gift and Cohen, Myron S. and Bonsignori, Mattia and Xia, Shi Mao and Montefiori, David C. and Kelsoe, Garnett and Gao, Feng and Mascola, John R. and Anthony Moody, M. and Saunders, Kevin O. and Liao, Hua Xin and Tomaras, Georgia D. and Georgiou, George and Haynes, Barton F.},
	title={Potent and broad HIV-neutralizing antibodies in memory B cells and plasma},
	journal={Science Immunology},
	volume=2,
	number=7,
	year=2017,
	issn=24709468,
	doi={10.1126/sciimmunol.aal2200},
}
waarschuwing: did not find pages
waarschuwing: changed doi from {10.1126/SCIIMMUNOL.AAL2200},

@article{morell1970metabolic,
	author={Morell, A. and Terry, W. D. and Waldmann, T. A.},
	title={Metabolic properties of IgG subclasses in man.},
	journal={The Journal of clinical investigation},
	volume=49,
	number=4,
	pages={673--680},
	year=1970,
	issn=00219738,
	doi={10.1172/jci106279},
}
waarschuwing: changed doi from {10.1172/JCI106279},

@article{melamed2018pharmacokinetics,
	author={Melamed, Isaac R. and Borte, Michael and Trawnicek, Laurenz and Kobayashi, Ai Lan and Kobayashi, Roger H. and Knutsen, Alan and Gupta, Sudhir and Smits, William and Pituch-Noworolska, Anna and Strach, Magdalena and Pulka, Grazyna and Ochs, Hans D. and Moy, James N.},
	title={Pharmacokinetics of a novel human intravenous immunoglobulin 10% in patients with primary immunodeficiency diseases: Analysis of a phase III, multicentre, prospective, open-label study},
	journal={European Journal of Pharmaceutical Sciences},
	volume=118,
	pages={80--86},
	year=2018,
	issn=18790720,
	doi={10.1016/j.ejps.2018.03.007},
}
waarschuwing: did not find number

@article{bernasconi2002maintenance,
	author={Bernasconi, Nadia L. and Traggiai, Elisabetta and Lanzavecchia, Antonio},
	title={Maintenance of serological memory by polyclonal activation of human memory B cells},
	journal={Science},
	volume=298,
	number=5601,
	pages={2199--2202},
	year=2002,
	issn=00368075,
	doi={10.1126/science.1076071},
}
waarschuwing: changed doi from {10.1126/SCIENCE.1076071},

@article{manz1997lifetime,
	author={Manz, Rudolf A. and Thiel, Andreas and Radbruch, Andreas},
	title={Lifetime of plasma cells in the bone marrow [3]},
	journal={Nature},
	volume=388,
	number=6638,
	pages={133--134},
	year=1997,
	issn=00280836,
	doi={10.1038/40540},
}


@article{slifka1998humoral,
	author={Slifka, Mark K. and Antia, Rustom and Whitmire, Jason K. and Ahmed, Rafi},
	title={Humoral immunity due to long-lived plasma cells},
	journal={Immunity},
	volume=8,
	number=3,
	pages={363--372},
	year=1998,
	issn=10747613,
	doi={10.1016/s1074-7613(00)80541-5},
}
waarschuwing: changed doi from {10.1016/S1074-7613(00)80541-5},

@article{tebani2020integration,
	author={Tebani, Abdellah and Gummesson, Anders and Zhong, Wen and Koistinen, Ina Schuppe and Lakshmikanth, Tadepally and Olsson, Lisa M. and Boulund, Fredrik and Neiman, Maja and Stenlund, Hans and Hellström, Cecilia and Karlsson, Max J. and Arif, Muhammad and Dodig-Crnković, Tea and Mardinoglu, Adil and Lee, Sunjae and Zhang, Cheng and Chen, Yang and Olin, Axel and Mikes, Jaromir and Danielsson, Hanna and von Feilitzen, Kalle and Jansson, Per Anders and Angerås, Oskar and Huss, Mikael and Kjellqvist, Sanela and Odeberg, Jacob and Edfors, Fredrik and Tremaroli, Valentina and Forsström, Björn and Schwenk, Jochen M. and Nilsson, Peter and Moritz, Thomas and Bäckhed, Fredrik and Engstrand, Lars and Brodin, Petter and Bergström, Göran and Uhlen, Mathias and Fagerberg, Linn},
	title={Integration of molecular profiles in a longitudinal wellness profiling cohort},
	journal={Nature Communications},
	volume=11,
	number=1,
	year=2020,
	issn=20411723,
	doi={10.1038/s41467-020-18148-7},
}
waarschuwing: did not find pages
waarschuwing: changed doi from {10.1038/S41467-020-18148-7},

@article{klouwenberg2013interobserver,
	author={Klouwenberg, Peter M.C.Klein and Ong, David S.Y. and Bos, Lieuwe D.J. and De Beer, Friso M. and Van Hooijdonk, Roosmarijn T.M. and Huson, Mischa A. and Straat, Marleen and Van Vught, Lonneke A. and Wieske, Luuk and Horn, Janneke and Schultz, Marcus J. and Van Der Poll, Tom and Bonten, Marc J.M. and Cremer, Olaf L.},
	title={Interobserver agreement of centers for disease control and prevention criteria for classifying infections in critically ill patients},
	journal={Critical Care Medicine},
	volume=41,
	number=10,
	pages={2373--2378},
	year=2013,
	issn=00903493,
	doi={10.1097/ccm.0b013e3182923712},
}
waarschuwing: changed doi from {10.1097/CCM.0B013E3182923712},

@article{singer2016third,
	author={Singer, Mervyn and Deutschman, Clifford S. and Seymour, Christopherwarren and Shankar-Hari, Manu and Annane, Djillali and Bauer, Michael and Bellomo, Rinaldo and Bernard, Gordon R. and Chiche, Jean Daniel and Coopersmith, Craig M. and Hotchkiss, Richard S. and Levy, Mitchell M. and Marshall, John C. and Martin, Greg S. and Opal, Steven M. and Rubenfeld, Gordon D. and Poll, Der Tomvan and Vincent, Jean Louis and Angus, Derek C.},
	title={The third international consensus definitions for sepsis and septic shock (sepsis-3)},
	journal={JAMA - Journal of the American Medical Association},
	volume=315,
	number=8,
	pages={801--810},
	year=2016,
	issn=15383598,
	doi={10.1001/jama.2016.0287},
}
waarschuwing: changed doi from {10.1001/JAMA.2016.0287},

@article{bondt2014immunoglobulin,
	author={Bondt, Albert and Rombouts, Yoann and Selman, Maurice H.J. and Hensbergen, Paul J. and Reiding, Karli R. and Hazes, Johanna M.W. and Dolhain, Radboud J.E.M. and Wuhrer, Manfred},
	title={Immunoglobulin G (IgG) fab glycosylation analysis using a new mass spectrometric high-throughput profiling method reveals pregnancy-associated changes},
	journal={Molecular and Cellular Proteomics},
	volume=13,
	number=11,
	pages={3029--3039},
	year=2014,
	issn=15359484,
	doi={10.1074/mcp.m114.039537},
}
waarschuwing: changed doi from {10.1074/mcp.M114.039537},

@article{amezmartín2021serum,
	author={Amez Martín, Manuela and Wuhrer, Manfred and Falck, David},
	title={Serum and Plasma Immunoglobulin G Fc N-Glycosylation Is Stable during Storage},
	journal={Journal of Proteome Research},
	volume=20,
	number=5,
	pages={2935--2941},
	year=2021,
	issn=15353907,
	doi={10.1021/acs.jproteome.1c00148},
}
waarschuwing: changed doi from {10.1021/ACS.JPROTEOME.1C00148},

@article{waterbeemd2018dissecting,
	author={Van De Waterbeemd, Michiel and Tamara, Sem and Fort, Kyle L. and Damoc, Eugen and Franc, Vojtech and Bieri, Philipp and Itten, Martin and Makarov, Alexander and Ban, Nenad and Heck, Albert J.R.},
	title={Dissecting ribosomal particles throughout the kingdoms of life using advanced hybrid mass spectrometry methods},
	journal={Nature Communications},
	volume=9,
	number=1,
	year=2018,
	issn=20411723,
	doi={10.1038/s41467-018-04853-x},
}
waarschuwing: did not find pages
waarschuwing: changed doi from {10.1038/S41467-018-04853-X},

@article{mckinney2010data,
	author={McKinney, Wes},
	title={Data Structures for Statistical Computing in Python},
	journal={Proceedings of the 9th Python in Science Conference},
	pages={56--61},
	year=2010,
	doi={10.25080/majora-92bf1922-00a},
}
waarschuwing: did not find volume
waarschuwing: did not find number
waarschuwing: did not find issn
waarschuwing: changed doi from {10.25080/MAJORA-92BF1922-00A},

@article{walt2011numpy,
	author={Van Der Walt, Stéfan and Colbert, S. Chris and Varoquaux, Gaël},
	title={The NumPy array: A structure for efficient numerical computation},
	journal={Computing in Science and Engineering},
	volume=13,
	number=2,
	pages={22--30},
	year=2011,
	issn=15219615,
	doi={10.1109/mcse.2011.37},
}
waarschuwing: changed doi from {10.1109/MCSE.2011.37},

@article{virtanen2020scipy,
	author={Virtanen, Pauli and Gommers, Ralf and Oliphant, Travis E. and Haberland, Matt and Reddy, Tyler and Cournapeau, David and Burovski, Evgeni and Peterson, Pearu and Weckesser, Warren and Bright, Jonathan and van der Walt, Stéfan J. and Brett, Matthew and Wilson, Joshua and Millman, K. Jarrod and Mayorov, Nikolay and Nelson, Andrew R.J. and Jones, Eric and Kern, Robert and Larson, Eric and Carey, C. J. and Polat, lhan and Feng, Yu and Moore, Eric W. and VanderPlas, Jake and Laxalde, Denis and Perktold, Josef and Cimrman, Robert and Henriksen, Ian and Quintero, E. A. and Harris, Charles R. and Archibald, Anne M. and Ribeiro, Antônio H. and Pedregosa, Fabian and van Mulbregt, Paul and Vijaykumar, Aditya and Bardelli, Pietro Alessandro and Rothberg, Alex and Hilboll, Andreas and Kloeckner, Andreas and Scopatz, Anthony and Lee, Antony and Rokem, Ariel and Woods, C. Nathan and Fulton, Chad and Masson, Charles and Häggström, Christian and Fitzgerald, Clark and Nicholson, David A. and Hagen, David R. and Pasechnik, V. Dmitrii and Olivetti, Emanuele and Martin, Eric and Wieser, Eric and Silva, Fabrice and Lenders, Felix and Wilhelm, Florian and Young, G. and Price, Gavin A. and Ingold, Gert Ludwig and Allen, Gregory E. and Lee, Gregory R. and Audren, Hervé and Probst, Irvin and Dietrich, Jörg P. and Silterra, Jacob and Webber, James T. and Slavi, Janko and Nothman, Joel and Buchner, Johannes and Kulick, Johannes and Schönberger, Johannes L. and de Miranda Cardoso, José Vinícius and Reimer, Joscha and Harrington, Joseph and Rodríguez, Juan Luis Cano and Nunez-Iglesias, Juan and Kuczynski, Justin and Tritz, Kevin and Thoma, Martin and Newville, Matthew and Kümmerer, Matthias and Bolingbroke, Maximilian and Tartre, Michael and Pak, Mikhail and Smith, Nathaniel J. and Nowaczyk, Nikolai and Shebanov, Nikolay and Pavlyk, Oleksandr and Brodtkorb, Per A. and Lee, Perry and McGibbon, Robert T. and Feldbauer, Roman and Lewis, Sam and Tygier, Sam and Sievert, Scott and Vigna, Sebastiano and Peterson, Stefan and More, Surhud and Pudlik, Tadeusz and Oshima, Takuya and Pingel, Thomas J. and Robitaille, Thomas P. and Spura, Thomas and Jones, Thouis R. and Cera, Tim and Leslie, Tim and Zito, Tiziano and Krauss, Tom and Upadhyay, Utkarsh and Halchenko, Yaroslav O. and Vázquez-Baeza, Yoshiki},
	title={SciPy 1.0: fundamental algorithms for scientific computing in Python},
	journal={Nature Methods},
	volume=17,
	number=3,
	pages={261--272},
	year=2020,
	issn=15487105,
	doi={10.1038/s41592-019-0686-2},
}
waarschuwing: changed author from {Virtanen, Pauli and Gommers, Ralf and Oliphant, Travis E. and Haberland, Matt and Reddy, Tyler and Cournapeau, David and Burovski, Evgeni and Peterson, Pearu and Weckesser, Warren and Bright, Jonathan and van der Walt, Stéfan J. and Brett, Matthew and Wilson, Joshua and Millman, K. Jarrod and Mayorov, Nikolay and Nelson, Andrew R.J. and Jones, Eric and Kern, Robert and Larson, Eric and Carey, C. J. and Polat, İlhan and Feng, Yu and Moore, Eric W. and VanderPlas, Jake and Laxalde, Denis and Perktold, Josef and Cimrman, Robert and Henriksen, Ian and Quintero, E. A. and Harris, Charles R. and Archibald, Anne M. and Ribeiro, Antônio H. and Pedregosa, Fabian and van Mulbregt, Paul and Vijaykumar, Aditya and Bardelli, Pietro Alessandro and Rothberg, Alex and Hilboll, Andreas and Kloeckner, Andreas and Scopatz, Anthony and Lee, Antony and Rokem, Ariel and Woods, C. Nathan and Fulton, Chad and Masson, Charles and Häggström, Christian and Fitzgerald, Clark and Nicholson, David A. and Hagen, David R. and Pasechnik, V. Dmitrii and Olivetti, Emanuele and Martin, Eric and Wieser, Eric and Silva, Fabrice and Lenders, Felix and Wilhelm, Florian and Young, G. and Price, Gavin A. and Ingold, Gert Ludwig and Allen, Gregory E. and Lee, Gregory R. and Audren, Hervé and Probst, Irvin and Dietrich, Jörg P. and Silterra, Jacob and Webber, James T. and Slavič, Janko and Nothman, Joel and Buchner, Johannes and Kulick, Johannes and Schönberger, Johannes L. and de Miranda Cardoso, José Vinícius and Reimer, Joscha and Harrington, Joseph and Rodríguez, Juan Luis Cano and Nunez-Iglesias, Juan and Kuczynski, Justin and Tritz, Kevin and Thoma, Martin and Newville, Matthew and Kümmerer, Matthias and Bolingbroke, Maximilian and Tartre, Michael and Pak, Mikhail and Smith, Nathaniel J. and Nowaczyk, Nikolai and Shebanov, Nikolay and Pavlyk, Oleksandr and Brodtkorb, Per A. and Lee, Perry and McGibbon, Robert T. and Feldbauer, Roman and Lewis, Sam and Tygier, Sam and Sievert, Scott and Vigna, Sebastiano and Peterson, Stefan and More, Surhud and Pudlik, Tadeusz and Oshima, Takuya and Pingel, Thomas J. and Robitaille, Thomas P. and Spura, Thomas and Jones, Thouis R. and Cera, Tim and Leslie, Tim and Zito, Tiziano and Krauss, Tom and Upadhyay, Utkarsh and Halchenko, Yaroslav O. and Vázquez-Baeza, Yoshiki},
waarschuwing: changed doi from {10.1038/S41592-019-0686-2},

@article{hunter2007matplotlib:,
	author={Hunter, John D.},
	title={Matplotlib: A 2D graphics environment},
	journal={Computing in Science and Engineering},
	volume=9,
	number=3,
	pages={90--95},
	year=2007,
	issn=15219615,
	doi={10.1109/mcse.2007.55},
}
waarschuwing: changed doi from {10.1109/MCSE.2007.55},

@article{zabrouskov2005new,
	author={Zabrouskov, Vlad and Senko, Michael W. and Du, Yi and Leduc, Richard D. and Kelleher, Neil L.},
	title={New and automated MSn approaches for top-down identification of modified proteins},
	journal={Journal of the American Society for Mass Spectrometry},
	volume=16,
	number=12,
	pages={2027--2038},
	year=2005,
	issn=10440305,
	doi={10.1016/j.jasms.2005.08.004},
}


@article{smith1981identification,
	author={Smith, T. F. and Waterman, M. S.},
	title={Identification of common molecular subsequences},
	journal={Journal of Molecular Biology},
	volume=147,
	number=1,
	pages={195--197},
	year=1981,
	issn=00222836,
	doi={10.1016/0022-2836(81)90087-5},
}


@article{tabb2008directag:,
	author={Tabb, David L. and Ze-Qiang, Ma and Martin, Daniel B. and Ham, Amy Joan L. and Chambers, Matthew C.},
	title={DirecTag: Accurate sequence tags from peptide MS/MS through statistical scoring},
	journal={Journal of Proteome Research},
	volume=7,
	number=9,
	pages={3838--3846},
	year=2008,
	issn=15353893,
	doi={10.1021/pr800154p},
}
waarschuwing: changed doi from {10.1021/PR800154P},

@article{swindells2017abysis:,
	author={Swindells, Mark B. and Porter, Craig T. and Couch, Matthew and Hurst, Jacob and Abhinandan, K. R. and Nielsen, Jens H. and Macindoe, Gary and Hetherington, James and Martin, Andrew C.R.},
	title={abYsis: Integrated Antibody Sequence and Structure—Management, Analysis, and Prediction},
	journal={Journal of Molecular Biology},
	volume=429,
	number=3,
	pages={356--364},
	year=2017,
	issn=10898638,
	doi={10.1016/j.jmb.2016.08.019},
}


@article{dingess2023identification,
	author={Dingess, Kelly A. and Hoek, Max and van Rijswijk, Danique M.H. and Tamara, Sem and den Boer, Maurits A. and Veth, Tim and Damen, Mirjam J.A. and Barendregt, Arjan and Romijn, Michelle and Juncker, Hannah G. and van Keulen, Britt J. and Vidarsson, Gestur and van Goudoever, Johannes B. and Bondt, Albert and Heck, Albert J.R.},
	title={Identification of common and distinct origins of human serum and breastmilk IgA1 by mass spectrometry-based clonal profiling},
	journal={Cellular and molecular immunology},
	volume=20,
	number=1,
	year=2023,
	issn={2042-0226},
	doi={10.1038/s41423-022-00954-2},
}
waarschuwing: did not find pages
waarschuwing: changed doi from {10.1038/S41423-022-00954-2},

@article{dong2020antibodies,
	author={Dong, Yunzhu and Chi, Xiangyang and Hai, Huang and Sun, Liangliang and Zhang, Mengyao and Xie, Wei Fen and Chen, Wei},
	title={Antibodies in the breast milk of a maternal woman with COVID-19},
	journal={Emerging microbes and infections},
	volume=9,
	number=1,
	pages={1467--1469},
	year=2020,
	issn={2222-1751},
	doi={10.1080/22221751.2020.1780952},
}


@article{fox2020robust,
	author={Fox, Alisa and Marino, Jessica and Amanat, Fatima and Krammer, Florian and Hahn-Holbrook, Jennifer and Zolla-Pazner, Susan and Powell, Rebecca L.},
	title={Robust and Specific Secretory IgA Against SARS-CoV-2 Detected in Human Milk},
	journal={iScience},
	volume=23,
	number=11,
	year=2020,
	issn={2589-0042},
	doi={10.1016/j.isci.2020.101735},
}
waarschuwing: did not find pages
waarschuwing: changed doi from {10.1016/J.ISCI.2020.101735},

@article{pace2021characterization,
	author={Pace, Ryan M. and Williams, Janet E. and Järvinen, Kirsi M. and Belfort, Mandy B. and Pace, Christina D.W. and Lackey, Kimberly A. and Gogel, Alexandra C. and Nguyen-Contant, Phuong and Kanagaiah, Preshetha and Fitzgerald, Theresa and Ferri, Rita and Young, Bridget and Rosen-Carole, Casey and Diaz, Nichole and Meehan, Courtney L. and Caffé, Beatrice and Sangster, Mark Y. and Topham, David and McGuire, Mark A. and Seppo, Antti and McGuire, Michelle K.},
	title={Characterization of SARS-CoV-2 RNA, Antibodies, and Neutralizing Capacity in Milk Produced by Women with COVID-19},
	journal={mBio},
	volume=12,
	number=1,
	pages={1--11},
	year=2021,
	issn={2150-7511},
	doi={10.1128/mbio.03192-20},
}
waarschuwing: changed doi from {10.1128/MBIO.03192-20},

@article{keulen2021human,
	author={van Keulen, Britt J. and Romijn, Michelle and Bondt, Albert and Dingess, Kelly A. and Kontopodi, Eva and van der Straten, Karlijn and Den Boer, Maurits A. and Burger, Judith A. and Poniman, Meliawati and Bosch, Berend J. and Brouwer, Philip J.M. and de Groot, Christianne J.M. and Hoek, Max and Li, Wentao and Pajkrt, Dasja and Sanders, Rogier W. and Schoonderwoerd, Anne and Tamara, Sem and Timmermans, Rian A.H. and Vidarsson, Gestur and Stittelaar, Koert J. and Rispens, Theo T. and Hettinga, Kasper A. and van Gils, Marit J. and Heck, Albert J.R. and van Goudoever, Johannes B.},
	title={Human Milk from Previously COVID-19-Infected Mothers: The Effect of Pasteurization on Specific Antibodies and Neutralization Capacity},
	journal={Nutrients},
	volume=13,
	number=5,
	year=2021,
	issn={2072-6643},
	doi={10.3390/nu13051645},
}
waarschuwing: did not find pages
waarschuwing: changed doi from {10.3390/NU13051645},

@article{bode2022characterization,
	author={Bode, Lars and Bertrand, Kerri and Najera, Julia A. and Furst, Annalee and Honerkamp-Smith, Gordon and Shandling, Adam D. and Chambers, Christina D. and Camerini, David and Campo, Joseph J.},
	title={Characterization of SARS-CoV-2 antibodies in human milk from 21 women with confirmed COVID-19 infection},
	journal={Pediatric research},
	year=2022,
	issn={1530-0447},
	doi={10.1038/s41390-022-02360-w},
}
waarschuwing: did not find volume
waarschuwing: did not find number
waarschuwing: did not find pages
waarschuwing: changed doi from {10.1038/S41390-022-02360-W},

@article{lebrão2020early,
	author={Lebrão, Cibele Wolf and Cruz, Manuela Navarro and Silva, da Mariliza Henrique and Dutra, Letícia Veríssimo and Cristiani, Camila and Affonso Fonseca, Fernando Luiz and Suano-Souza, Fabíola Isabel},
	title={Early Identification of IgA Anti-SARSCoV-2 in Milk of Mother With COVID-19 Infection},
	journal={Journal of human lactation : official journal of International Lactation Consultant Association},
	volume=36,
	number=4,
	pages={609--613},
	year=2020,
	issn={1552-5732},
	doi={10.1177/0890334420960433},
}


@article{juncker2021human,
	author={Juncker, Hannah G. and Romijn, M. and Loth, Veerle N. and Caniels, Tom G. and de Groot, Christianne J.M. and Pajkrt, Dasja and van Gils, Marit J. and van Goudoever, Johannes B. and van Keulen, Britt J.},
	title={Human Milk Antibodies Against SARS-CoV-2: A Longitudinal Follow-Up Study},
	journal={Journal of human lactation : official journal of International Lactation Consultant Association},
	volume=37,
	number=3,
	pages={485--491},
	year=2021,
	issn={1552-5732},
	doi={10.1177/08903344211030171},
}


@article{kumar2022sars-cov-,
	author={Kumar, Jogender and Meena, Jitendra and Yadav, Arushi and Kumar, Praveen},
	title={SARS-CoV-2 detection in human milk: a systematic review},
	journal={The journal of maternal-fetal and neonatal medicine : the official journal of the European Association of Perinatal Medicine, the Federation of Asia and Oceania Perinatal Societies, the International Society of Perinatal Obstetricians},
	volume=35,
	number=25,
	year=2022,
	issn={1476-4954},
	doi={10.1080/14767058.2021.1882984},
}
waarschuwing: did not find pages

@article{krogstad2021no,
	author={Krogstad, Paul and Contreras, Deisy and Ng, Hwee and Tobin, Nicole and Chambers, Christina D and Bertrand, Kerri and Bode, Lars and Aldrovandi, Grace},
	title={No Evidence of Infectious SARS-CoV-2 in Human Milk: Analysis of a Cohort of 110 Lactating Women},
	journal={medRxiv : the preprint server for health sciences},
	year=2021,
	doi={10.1101/2021.04.05.21254897},
}
waarschuwing: did not find volume
waarschuwing: did not find number
waarschuwing: did not find pages
waarschuwing: did not find issn

@article{chambers2020evaluation,
	author={Chambers, Christina and Krogstad, Paul and Bertrand, Kerri and Contreras, Deisy and Tobin, Nicole H. and Bode, Lars and Aldrovandi, Grace},
	title={Evaluation for SARS-CoV-2 in Breast Milk From 18 Infected Women},
	journal={JAMA},
	volume=324,
	number=13,
	pages={1347--1348},
	year=2020,
	issn={1538-3598},
	doi={10.1001/jama.2020.15580},
}
waarschuwing: changed doi from {10.1001/JAMA.2020.15580},

@techreport{organization2020breastfeeding,
	numpages=3,
	title={Breastfeeding and COVID-19: scientific brief, 23 June 2020},
	author={Organization, World Health},
	date=2020,
	year=2020,
}


@article{juncker2021comparison,
	author={Juncker, Hannah G. and Mulleners, Sien J. and van Gils, Marit J. and Bijl, Tom P.L. and de Groot, Christianne J.M. and Pajkrt, Dasja and Korosi, Aniko and van Goudoever, Johannes B. and van Keulen, Britt J.},
	title={Comparison of SARS-CoV-2-Specific Antibodies in Human Milk after mRNA-Based COVID-19 Vaccination and Infection},
	journal={Vaccines},
	volume=9,
	number=12,
	year=2021,
	issn={2076-393},
	doi={10.3390/vaccines9121475},
}
waarschuwing: did not find pages
waarschuwing: changed issn from {2076-393X},
waarschuwing: changed doi from {10.3390/VACCINES9121475},

@article{zilver2023vaccination,
	author={Zilver, S.J.M. and de Groot, C.J.M. and Grobben, M. and Remmelzwaal, S. and Burgers, E. and Nunez Velasco, D. and Juncker, H.G. and van Keulen, B.J. and van Goudoever, J.B. and de Leeuw, R.A. and van Gils, M.J. and Ris-Stalpers, C. and van Leeuwen, E.},
	title={Vaccination from the early second trimester onwards gives a robust SARS-CoV-2 antibody response throughout pregnancy and provides antibodies for the neonate},
	journal={International journal of infectious diseases : IJID : official publication of the International Society for Infectious Diseases},
	volume=130,
	year=2023,
	issn={1878-3511},
	doi={10.1016/j.ijid.2023.02.022},
}
waarschuwing: did not find number
waarschuwing: did not find pages
waarschuwing: changed doi from {10.1016/J.IJID.2023.02.022},

@article{fu2022systematic,
	author={Fu, Winnie and Sivajohan, Brintha and McClymont, Elisabeth and Albert, Arianne and Elwood, Chelsea and Ogilvie, Gina and Money, Deborah},
	title={Systematic review of the safety, immunogenicity, and effectiveness of COVID-19 vaccines in pregnant and lactating individuals and their infants},
	journal={International journal of gynaecology and obstetrics: the official organ of the International Federation of Gynaecology and Obstetrics},
	volume=156,
	number=3,
	pages={406--417},
	year=2022,
	issn={1879-3479},
	doi={10.1002/ijgo.14008},
}
waarschuwing: changed doi from {10.1002/IJGO.14008},

@article{jamieson2022update,
	author={Jamieson, Denise J. and Rasmussen, Sonja A.},
	title={An update on COVID-19 and pregnancy},
	journal={American journal of obstetrics and gynecology},
	volume=226,
	number=2,
	pages={177--186},
	year=2022,
	issn={1097-6868},
	doi={10.1016/j.ajog.2021.08.054},
}
waarschuwing: changed doi from {10.1016/J.AJOG.2021.08.054},

@article{shimabukuro2021preliminary,
	author={Shimabukuro, Tom T. and Kim, Shin Y. and Myers, Tanya R. and Moro, Pedro L. and Oduyebo, Titilope and Panagiotakopoulos, Lakshmi and Marquez, Paige L. and Olson, Christine K. and Liu, Ruiling and Chang, Karen T. and Ellington, Sascha R. and Burkel, Veronica K. and Smoots, Ashley N. and Green, Caitlin J. and Licata, Charles and Zhang, Bicheng C. and Alimchandani, Meghna and Mba-Jonas, Adamma and Martin, Stacey W. and Gee, Julianne M. and Meaney-Delman, Dana M.},
	title={Preliminary Findings of mRNA Covid-19 Vaccine Safety in Pregnant Persons},
	journal={The New England journal of medicine},
	volume=384,
	number=24,
	pages={2273--2282},
	year=2021,
	issn={1533-4406},
	doi={10.1056/nejmoa2104983},
}
waarschuwing: changed doi from {10.1056/NEJMOA2104983},

@article{falsaperla2021covid-,
	author={Falsaperla, Raffaele and Leone, Guido and Familiari, Maria and Ruggieri, Martino},
	title={COVID-19 vaccination in pregnant and lactating women: a systematic review},
	journal={Expert review of vaccines},
	volume=20,
	number=12,
	pages={1619--1628},
	year=2021,
	issn={1744-8395},
	doi={10.1080/14760584.2021.1986390},
}


@article{simon2015evolution,
	author={Simon, A. Katharina and Hollander, Georg A. and McMichael, Andrew},
	title={Evolution of the immune system in humans from infancy to old age},
	journal={Proceedings of the Royal Society B: Biological Sciences},
	volume=282,
	number=1821,
	year=2015,
	issn=14712954,
	doi={10.1098/rspb.2014.3085},
}
waarschuwing: did not find pages
waarschuwing: changed doi from {10.1098/RSPB.2014.3085},

@article{czosnykowska-łukacka2020changes,
	author={Czosnykowska-ukacka, Matylda and Lis-Kuberka, Jolanta and Królak-Olejnik, Barbara and Orczyk-Pawiowicz, Magdalena},
	title={Changes in Human Milk Immunoglobulin Profile During Prolonged Lactation},
	journal={Frontiers in Pediatrics},
	volume=8,
	pages=428,
	year=2020,
	issn=22962360,
	doi={10.3389/fped.2020.00428},
}
waarschuwing: changed author from {Czosnykowska-Łukacka, Matylda and Lis-Kuberka, Jolanta and Królak-Olejnik, Barbara and Orczyk-Pawiłowicz, Magdalena},
waarschuwing: did not find number
waarschuwing: changed doi from {10.3389/FPED.2020.00428},

@article{lönnerdal2017longitudinal,
	author={Lönnerdal, Bo and Erdmann, Peter and Thakkar, Sagar K. and Sauser, Julien and Destaillats, Frédéric},
	title={Longitudinal evolution of true protein, amino acids and bioactive proteins in breast milk: a developmental perspective},
	journal={The Journal of nutritional biochemistry},
	volume=41,
	pages={1--11},
	year=2017,
	issn={1873-4847},
	doi={10.1016/j.jnutbio.2016.06.001},
}
waarschuwing: did not find number
waarschuwing: changed doi from {10.1016/J.JNUTBIO.2016.06.001},

@article{rijswijck2022discriminating,
	author={van Rijswijck, Danique M.H. and Bondt, Albert and Hoek, Max and van der Straten, Karlijn and Caniels, Tom G. and Poniman, Meliawati and Eggink, Dirk and Reusken, Chantal and de Bree, Godelieve J. and Sanders, Rogier W. and van Gils, Marit J. and Heck, Albert J.R.},
	title={Discriminating cross-reactivity in polyclonal IgG1 responses against SARS-CoV-2 variants of concern},
	journal={Nature Communications 2022 13:1},
	volume=13,
	number=1,
	pages={1--10},
	year=2022,
	issn={2041-1723},
	doi={10.1038/s41467-022-33899-1},
}


@article{wolf2022antibody,
	author={Wolf, Carla and Köppert, Sebastian and Becza, Noémi and Kuerten, Stefanie and Kirchenbaum, Greg A. and Lehmann, V. Paul},
	title={Antibody Levels Poorly Reflect on the Frequency of Memory B Cells Generated following SARS-CoV-2, Seasonal Influenza, or EBV Infection},
	journal={Cells},
	volume=11,
	number=22,
	year=2022,
	issn={2073-4409},
	doi={10.3390/cells11223662},
}
waarschuwing: did not find pages
waarschuwing: changed doi from {10.3390/CELLS11223662},

@article{juncker2022comparing,
	author={Juncker, Hannah G. and Mulleners, Sien J. and Ruhé, Eliza J.M. and Coenen, Esmée R.M. and Bakker, Sjors and van Doesburg, Maritt and Harinck, Jolinda E. and Rood, Romee D. and Bouhuijs, Joey H. and Oomen, Melissa and de Groot, Prof Christianne J.M. and Pajkrt, Prof Dasja and Korosi, Aniko and van Goudoever, Prof Johannes B. and van Gils, Marit J. and van Keulen, Britt J.},
	title={Comparing the human milk antibody response after vaccination with four COVID-19 vaccines: A prospective, longitudinal cohort study in the Netherlands},
	journal={EClinicalMedicine},
	volume=47,
	year=2022,
	issn={2589-5370},
	doi={10.1016/j.eclinm.2022.101393},
}
waarschuwing: did not find number
waarschuwing: did not find pages
waarschuwing: changed doi from {10.1016/J.ECLINM.2022.101393},

@incollection{charlesajaneway2001immunological,
	author={Charles A Janeway, Jr and Travers, Paul and Walport, Mark and Shlomchik, Mark J},
	booktitle={Immunobiology: The Immune System in Health and Disease},
	title={Immunological memory},
	year=2001,
	address={New York},
	edition=5,
}
waarschuwing: did not find pages
waarschuwing: did not find isbn

@article{hwang2020cryo-em,
	author={Hwang, Soo Seok and Lim, Jaechul and Yu, Zhibin and Kong, Philip and Sefik, Esen and Xu, Hao and Harman, Christian C.D. and Kim, Lark Kyun and Lee, Gap Ryol and Li, Hua Bing and Flavell, Richard A.},
	title={Cryo-EM structure of the 2019-nCoV spike in the prefusion conformation},
	journal={Science (New York, N.Y.)},
	volume=367,
	number=6483,
	pages={1255--1260},
	year=2020,
	issn={1095-9203},
	doi={10.1126/science.abb2507},
}
waarschuwing: changed doi from {10.1126/SCIENCE.ABB2507},

@article{yu2023reducing,
	author={Yu, Xiaojie and Orr, Christian M. and Chan, H. T. Claude and James, Sonya and Penfold, Christine A. and Kim, Jinny and Inzhelevskaya, Tatyana and Mockridge, C. Ian and Cox, Kerry L. and Essex, Jonathan W. and Tews, Ivo and Glennie, Martin J. and Cragg, Mark S.},
	title={Reducing affinity as a strategy to boost immunomodulatory antibody agonism},
	journal={Nature},
	year=2023,
	issn={1476-4687},
	doi={10.1038/s41586-022-05673-2},
}
waarschuwing: did not find volume
waarschuwing: did not find number
waarschuwing: did not find pages
waarschuwing: changed doi from {10.1038/S41586-022-05673-2},

@article{graaf2022perspective,
	author={de Graaf, Sebastiaan C. and Hoek, Max and Tamara, Sem and Heck, Albert J.R.},
	title={A perspective toward mass spectrometry-based de novo sequencing of endogenous antibodies},
	journal={mAbs},
	volume=14,
	number=1,
	year=2022,
	issn=19420870,
	doi={10.1080/19420862.2022.2079449},
}
waarschuwing: did not find pages

@article{schulte2022template-based,
	author={Schulte, Douwe and Peng, Weiwei and Snijder, Joost},
	title={Template-Based Assembly of Proteomic Short Reads For De Novo Antibody Sequencing and Repertoire Profiling},
	journal={Analytical chemistry},
	volume=94,
	number=29,
	pages={10391--10399},
	year=2022,
	issn={1520-6882},
	doi={10.1021/acs.analchem.2c01300},
}
waarschuwing: changed doi from {10.1021/ACS.ANALCHEM.2C01300},

@article{lefranc1997unique,
	author={Lefranc, Marie Paule},
	title={Unique database numbering system for immunogenetic analysis.},
	journal={Immunology today},
	volume=18,
	number=11,
	pages=509,
	year=1997,
	issn={0167-5699},
	doi={10.1016/s0167-5699(97)01163-8},
}


@article{melani2019direct,
	author={Melani, Rafael D. and Srzentić, Kristina and Gerbasi, Vincent R. and McGee, John P. and Huguet, Romain and Fornelli, Luca and Kelleher, Neil L.},
	title={Direct measurement of light and heavy antibody chains using ion mobility and middle-down mass spectrometry},
	journal={mAbs},
	volume=11,
	number=8,
	pages=1351,
	year=2019,
	issn=19420870,
	doi={10.1080/19420862.2019.1668226},
}


@article{olsen2004improved,
	author={Olsen, V Jesper and Mann, Matthias},
	title={Improved peptide identification in proteomics by two consecutive stages of mass spectrometric fragmentation},
	volume=101,
	year=2004,
}
waarschuwing: did not find journal
waarschuwing: did not find number
waarschuwing: did not find pages
waarschuwing: did not find issn
waarschuwing: did not find doi

@article{perez-riverol2022pride,
	author={Perez-Riverol, Yasset and Bai, Jingwen and Bandla, Chakradhar and García-Seisdedos, David and Hewapathirana, Suresh and Kamatchinathan, Selvakumar and Kundu, Deepti J. and Prakash, Ananth and Frericks-Zipper, Anika and Eisenacher, Martin and Walzer, Mathias and Wang, Shengbo and Brazma, Alvis and Vizcaíno, Juan Antonio},
	title={The PRIDE database resources in 2022: a hub for mass spectrometry-based proteomics evidences},
	journal={Nucleic acids research},
	volume=50,
	number=1,
	pages={543--552},
	year=2022,
	issn={1362-4962},
	doi={10.1093/nar/gkab1038},
}
waarschuwing: changed number from {D1},
waarschuwing: changed pages from {D543--D552},
waarschuwing: changed doi from {10.1093/NAR/GKAB1038},

@article{mullard2021fda,
  author    = {Mullard, Asher},
  title     = {FDA approves 100th monoclonal antibody product.},
  journal   = {Nature reviews. Drug discovery},
  volume    = 20,
  number    = 7,
  pages     = {491--495},
  year      = 2021,
  issn      = {1474-1784},
  doi       = {10.1038/d41573-021-00079-7},
}


@article{simon2011genomic,
  author    = {Simon, Richard},
  title     = {Genomic biomarkers in predictive medicine. An interim analysis},
  journal   = {EMBO Molecular Medicine},
  volume    = 3,
  number    = 8,
  pages     = 429,
  year      = 2011,
  issn      = 17574676,
  doi       = {10.1002/emmm.201100153},
}
waarschuwing: changed doi from  {10.1002/EMMM.201100153},

@article{cui2022high-throughput,
  author    = {Cui, Miao and Cheng, Chao and Zhang, Lanjing},
  title     = {High-throughput proteomics: a methodological mini-review.},
  journal   = {Laboratory investigation; a journal of technical methods and pathology},
  volume    = 102,
  number    = 11,
  pages     = {1170--1181},
  year      = 2022,
  issn      = {1530-0307},
  doi       = {10.1038/s41374-022-00830-7},
}


@article{vidarsson2014igg,
  author    = {Vidarsson, Gestur and Dekkers, Gillian and Rispens, Theo},
  title     = {IgG Subclasses and Allotypes: From Structure to Effector Functions},
  journal   = {Frontiers in Immunology},
  volume    = 5,
  year      = 2014,
  issn      = 16643224,
  doi       = {10.3389/fimmu.2014.00520},
}
waarschuwing: did not find number
waarschuwing: did not find pages
waarschuwing: changed doi from  {10.3389/FIMMU.2014.00520},

@article{xu2012immunoglobulin,
  author    = {Xu, Zhenming and Zan, Hong and Pone, Egest J. and Mai, Thach and Casali, Paolo},
  title     = {Immunoglobulin class switch DNA recombination: induction, targeting and beyond},
  journal   = {Nature reviews. Immunology},
  volume    = 12,
  number    = 7,
  pages     = 517,
  year      = 2012,
  issn      = 14741733,
  doi       = {10.1038/nri3216},
}
waarschuwing: changed doi from  {10.1038/NRI3216},

@article{wilm1996analytical,
  author    = {Wilm, Matthias and Mann, Matthias},
  title     = {Analytical properties of the nanoelectrospray ion source},
  journal   = {Analytical Chemistry},
  volume    = 68,
  number    = 1,
  pages     = {1--8},
  year      = 1996,
  issn      = 00032700,
  doi       = {10.1021/ac9509519/asset/images/large/ac9509519f00006.jpeg},
}
waarschuwing: changed doi from  {10.1021/AC9509519/ASSET/IMAGES/LARGE/AC9509519F00006.JPEG},

@article{gatlin1998protein,
  author    = {Gatlin, Christine L. and Kleemann, Gerd R. and Hays, Lara G. and Link, Andrew J. and Yates, John R.},
  title     = {Protein Identification at the Low Femtomole Level from Silver-Stained Gels Using a New Fritless Electrospray Interface for Liquid Chromatography–Microspray and Nanospray Mass Spectrometry},
  journal   = {Analytical Biochemistry},
  volume    = 263,
  number    = 1,
  pages     = {93--101},
  year      = 1998,
  issn      = {0003-2697},
  doi       = {10.1006/abio.1998.2809},
}
waarschuwing: changed doi from  {10.1006/ABIO.1998.2809},

@article{vasilopoulou2020trapped,
  author    = {Vasilopoulou, Catherine G. and Sulek, Karolina and Brunner, Andreas-David and Meitei, Ningombam Sanjib and Schweiger-Hufnagel, Ulrike and Meyer, Sven W. and Barsch, Aiko and Mann, Matthias and Meier, Florian},
  title     = {Trapped ion mobility spectrometry and PASEF enable in-depth lipidomics from minimal sample amounts},
  journal   = {Nature Communications},
  volume    = 11,
  number    = 1,
  pages     = 331,
  year      = 2020,
  issn      = {2041-1723},
  doi       = {10.1038/s41467-019-14044-x},
}


@article{ridgeway2018trapped,
  author    = {Ridgeway, Mark E. and Lubeck, Markus and Jordens, Jan and Mann, Mattias and Park, Melvin A.},
  title     = {Trapped ion mobility spectrometry: A short review},
  journal   = {International Journal of Mass Spectrometry},
  volume    = 425,
  pages     = {22--35},
  year      = 2018,
  issn      = {1387-3806},
  doi       = {10.1016/j.ijms.2018.01.006},
}
waarschuwing: did not find number
waarschuwing: changed doi from  {10.1016/J.IJMS.2018.01.006},

@article{graham2023characterizing,
  author = {Graham, Katherine A and Lawlor, Charles F and Borotto, Nicholas B},
  title  = {Characterizing the Top-down Sequencing of Protein Ions Prior to Mobility Separation in a timsTOF},
  year   = 2023,
  doi    = {10.26434/chemrxiv-2022-w8s4n-v3},
}
waarschuwing: did not find journal
waarschuwing: did not find volume
waarschuwing: did not find number
waarschuwing: did not find pages
waarschuwing: did not find issn
waarschuwing: changed doi from  {10.26434/CHEMRXIV-2022-W8S4N-V3},

@article{grinfeld2017phase-constrained,
  author    = {Grinfeld, Dmitry and Aizikov, Konstantin and Kreutzmann, Arne and Damoc, Eugen and Makarov, Alexander},
  title     = {Phase-constrained spectrum deconvolution for fourier transform mass spectrometry},
  journal   = {Analytical Chemistry},
  volume    = 89,
  number    = 2,
  pages     = {1202--1211},
  year      = 2017,
  issn      = 15206882,
  doi       = {10.1021/acs.analchem.6b03636},
}
waarschuwing: changed doi from  {10.1021/ACS.ANALCHEM.6B03636},

@article{jeong2022flashida,
  author    = {Jeong, Kyowon and Babović, Maša and Gorshkov, Vladimir and Kim, Jihyung and Jensen, Ole N. and Kohlbacher, Oliver},
  title     = {FLASHIda enables intelligent data acquisition for top-down proteomics to boost proteoform identification counts},
  journal   = {Nature communications},
  volume    = 13,
  number    = 1,
  year      = 2022,
  issn      = {2041-1723},
  doi       = {10.1038/s41467-022-31922-z},
}
waarschuwing: did not find pages
waarschuwing: changed doi from  {10.1038/S41467-022-31922-Z},

@article{klein2021mobiusklein/msdeisotope:,
  author = {Klein, Joshua and heckendorfc and Lukauskas, Saulius and mstim},
  title  = {mobiusklein/msdeisotope: Release v0.0.33},
  year   = 2021,
  doi    = {10.5281/zenodo.5759830},
}
waarschuwing: did not find journal
waarschuwing: did not find volume
waarschuwing: did not find number
waarschuwing: did not find pages
waarschuwing: did not find issn
waarschuwing: changed doi from  {10.5281/ZENODO.5759830},

@article{johnston2022solvent,
  author    = {Johnston, Harvey E. and Yadav, Kranthikumar and Kirkpatrick, Joanna M. and Biggs, George S. and Oxley, David and Kramer, Holger B. and Samant, Rahul S.},
  title     = {Solvent Precipitation SP3 (SP4) Enhances Recovery for Proteomics Sample Preparation without Magnetic Beads},
  journal   = {Analytical Chemistry},
  volume    = 94,
  number    = 29,
  pages     = {10320--10328},
  year      = 2022,
  issn      = 15206882,
  doi       = {10.1021/acs.analchem.1c04200/supplfile/ac1c04200si002.xlsx},
}
waarschuwing: changed doi from  {10.1021/ACS.ANALCHEM.1C04200/SUPPLFILE/AC1C04200SI002.XLSX},

