@article{London1902Der,
	journal={Zentralbl. f. Bakteriol., Parasitenk. u. Infektionskrankh., Abt. II, Bd},
	title={Der gegenwärtige Stand der Lehre von den Cytolysinen und die cytolytische Theorie der Immunität},
	volume=32,
	author={London, E S},
	date=1902,
	year=1902,
}
@article{Lindenmann1984Origin,
	journal={Scandinavian Journal of Immunology},
	edition={1984/04/01},
	doi={10.1111/j.1365-3083.1984.tb00931.x},
	isbn={0300-9475 (Print) 0300-9475 (Linking)},
	issn={0300-9475},
	number=4,
	note={Lindenmann, J
eng
Historical Article
England
Scand J Immunol. 1984 Apr;19(4):281-5. doi: 10.1111/j.1365-3083.1984.tb00931.x.},
	pmid=6374880,
	title={Origin of the terms 'antibody' and 'antigen'},
	volume=19,
	author={Lindenmann, Jean},
	pages={281--285},
	date={1984-04},
	year=1984,
	month=4,
}
@article{Marks2020How,
	journal={The Journal of biological chemistry},
	doi={10.1074/jbc.rev120.010181},
	issn={1083-351X},
	number=29,
	pmid=32409582,
	title={How repertoire data are changing antibody science.},
	volume=295,
	author={Marks, Claire and Deane, Charlotte M},
	pages={9823--9837},
	date={2020-07-17},
	year=2020,
	month=7,
	day=17,
}
@article{Raybould2020Thera-SAbDab:,
	journal={Nucleic acids research},
	doi={10.1093/nar/gkz827},
	issn={1362-4962},
	number={D1},
	pmid=31555805,
	publisher={Oxford Academic},
	title={Thera-SAbDab: the Therapeutic Structural Antibody Database.},
	volume=48,
	author={Raybould, Matthew I J and Marks, Claire and Lewis, Alan P and Shi, Jiye and Bujotzek, Alexander and Taddese, Bruck and Deane, Charlotte M},
	pages={D383--D388},
	date={2020-01-08},
	year=2020,
	month=1,
	day=8,
}
@article{Kaplon2021Antibodies,
	journal={mAbs},
	doi={10.1080/19420862.2020.1860476},
	issn=19420870,
	number=1,
	pmid=33459118,
	publisher={MAbs},
	title={Antibodies to watch in 2021},
	volume=13,
	author={Kaplon, Hélène and Reichert, Janice M.},
	date=2021,
	year=2021,
}
@article{Singh2018Monoclonal,
	journal={Current Clinical Pharmacology},
	doi={10.2174/1574884712666170809124728},
	issn=15748847,
	number=2,
	pmid=28799485,
	title={Monoclonal Antibodies: A Review},
	volume=13,
	author={Singh, Surjit and Kumar, Nitish K. and Dwiwedi, Pradeep and Charan, Jaykaran and Kaur, Rimplejeet and Sidhu, Preeti and Chugh, Vinay Kumar},
	pages={85--99},
	date={2018-10-09},
	year=2018,
	month=10,
	day=9,
}
@article{Schroeder2010Structure,
	journal={Journal of Allergy and Clinical Immunology},
	doi={10.1016/j.jaci.2009.09.046},
	issn=00916749,
	number=2,
	pmid=20176268,
	publisher={NIH Public Access},
	title={Structure and function of immunoglobulins},
	volume=125,
	author={Schroeder, Harry W. and Cavacini, Lisa},
	pages={S41--S52},
	date={2010-02},
	year=2010,
	month=2,
}
@article{Bornholdt2016Isolation,
	journal={Science},
	doi={10.1126/science.aad5788},
	issn={1095-9203},
	number=6277,
	pmid=26912366,
	publisher={American Association for the Advancement of Science},
	title={Isolation of potent neutralizing antibodies from a survivor of the 2014 Ebola virus outbreak.},
	volume=351,
	author={Bornholdt, Zachary A. and Turner, Hannah L. and Murin, Charles D. and Li, Wen and Sok, Devin and Souders, Colby A. and Piper, Ashley E. and Goff, Arthur and Shamblin, Joshua D. and Wollen, Suzanne E. and Sprague, Thomas R. and Fusco, Marnie L. and Pommert, Kathleen B. J. and Cavacini, Lisa A. and Smith, Heidi L. and Klempner, Mark and Reimann, Keith A. and Krauland, Eric and Gerngross, Tillman U. and Wittrup, Karl D. and Saphire, Erica Ollmann and Burton, Dennis R. and Glass, Pamela J. and Ward, Andrew B. and Walker, Laura M.},
	pages={1078--1083},
	date={2016-03-04},
	year=2016,
	month=3,
	day=4,
}
@article{Corti2016Protective,
	journal={Science (New York, N.Y.)},
	doi={10.1126/science.aad5224},
	isbn={0036-8075},
	issn={1095-9203},
	number=6279,
	pmid=26917593,
	title={Protective monotherapy against lethal Ebola virus infection by a potently neutralizing antibody.},
	volume=351,
	author={Corti, Davide and Misasi, John and Mulangu, Sabue and Stanley, Daphne A and Kanekiyo, Masaru and Wollen, Suzanne and Ploquin, Aurélie and Doria-Rose, Nicole A and Staupe, Ryan P and Bailey, Michael and Shi, Wei and Choe, Misook and Marcus, Hadar and Thompson, Emily A and Cagigi, Alberto and Silacci, Chiara and Fernandez-Rodriguez, Blanca and Perez, Laurent and Sallusto, Federica and Vanzetta, Fabrizia and Agatic, Gloria and Cameroni, Elisabetta and Kisalu, Neville and Gordon, Ingelise and Ledgerwood, Julie E and Mascola, John R and Graham, Barney S and Muyembe-Tamfun, Jean-Jacques and Trefry, John C and Lanzavecchia, Antonio and Sullivan, Nancy J},
	pages={1339--1342},
	date={2016-03-18},
	year=2016,
	month=3,
	day=18,
}
@article{Valgardsdottir2021Identification,
	journal={Antibodies},
	doi={10.3390/antib10030026},
	issn={2073-4468},
	number=3,
	pmid=34287229,
	publisher={Multidisciplinary Digital Publishing Institute},
	title={Identification of Human SARS-CoV-2 Monoclonal Antibodies from Convalescent Patients Using EBV Immortalization},
	volume=10,
	author={Valgardsdottir, Rut and Cattaneo, Irene and Napolitano, Gavino and Raglio, Annibale and Spinelli, Orietta and Salmoiraghi, Silvia and Castilletti, Concetta and Lapa, Daniele and Capobianchi, Maria Rosaria and Farina, Claudio and Golay, Josee},
	pages=26,
	date={2021-07-05},
	year=2021,
	month=7,
	day=5,
}
@article{Schroeder Jr.2006Similarity,
	journal={Dev Comp Immunol},
	edition={2005/08/09},
	doi={10.1016/j.dci.2005.06.006},
	isbn={0145-305X (Print) 0145-305X (Linking)},
	number={1-2},
	note={Schroeder, Harry W Jr
eng
Comparative Study
Review
Dev Comp Immunol. 2006;30(1-2):119-35. doi: 10.1016/j.dci.2005.06.006.},
	pmid=16083957,
	title={Similarity and divergence in the development and expression of the mouse and human antibody repertoires},
	volume=30,
	author={Schroeder Jr., H W},
	pages={119--135},
	date=2006,
	year=2006,
}
@article{Briney2019Commonality,
	journal={Nature},
	doi={10.1038/s41586-019-0879-y},
	issn={1476-4687},
	number=7744,
	pmid=30664748,
	publisher={Nature Publishing Group},
	title={Commonality despite exceptional diversity in the baseline human antibody repertoire.},
	volume=566,
	author={Briney, Bryan and Inderbitzin, Anne and Joyce, Collin and Burton, Dennis R.},
	pages={393--397},
	date={2019-02-21},
	year=2019,
	month=2,
	day=21,
}
@incollection{Hom2022Exploring,
	booktitle={Methods in Molecular Biology: Immune Receptors},
	doi={10.1007/978-1-0716-1944-5_16},
	issn={1940-6029},
	pmid=34870823,
	publisher={Humana},
	address={Clifton (NJ)},
	title={Exploring the Diversity of the B-Cell Receptor Repertoire Through High-Throughput Sequencing},
	volume=2421,
	author={Hom, Jennifer R. and Tomar, Deepak and Tipton, Christopher M.},
	editor={Rast, Jonathan and Buckley, Katherine},
	pages={231--241},
	date=2022,
	year=2022,
}
@article{Altelaar2013Next-generation,
	journal={Nature Reviews Genetics},
	doi={10.1038/nrg3356},
	issn={1471-0056},
	number=1,
	pmid=23207911,
	publisher={Nat Rev Genet},
	title={Next-generation proteomics: towards an integrative view of proteome dynamics},
	volume=14,
	author={Altelaar, A. F. Maarten and Munoz, Javier and Heck, Albert J. R.},
	pages={35--48},
	date={2013-01-04},
	year=2013,
	month=1,
	day=4,
}
@article{Aebersold2016Mass-spectrometric,
	journal={Nature},
	doi={10.1038/nature19949},
	issn={0028-0836},
	number=7620,
	pmid=27629641,
	publisher={Nature},
	title={Mass-spectrometric exploration of proteome structure and function},
	volume=537,
	author={Aebersold, Ruedi and Mann, Matthias},
	pages={347--355},
	date={2016-09-14},
	year=2016,
	month=9,
	day=14,
}
@article{Sen2017Automated,
	journal={Journal of the American Society for Mass Spectrometry},
	doi={10.1007/s13361-016-1580-0},
	issn={1879-1123},
	number=5,
	pmid=28105549,
	publisher={Springer New York LLC},
	title={Automated Antibody De Novo Sequencing and Its Utility in Biopharmaceutical Discovery.},
	volume=28,
	author={Sen, K. Ilker and Tang, Wilfred H and Nayak, Shruti and Kil, Yong J and Bern, Marshall and Ozoglu, Berk and Ueberheide, Beatrix and Davis, Darryl and Becker, Christopher},
	pages={803--810},
	date={2017-05-19},
	year=2017,
	month=5,
	day=19,
}
@article{Peng2021Mass,
	journal={Journal of Proteome Research},
	doi={10.1021/acs.jproteome.1c00169},
	issn={1535-3893},
	number=7,
	pmid=34121409,
	title={Mass Spectrometry-Based De Novo Sequencing of Monoclonal Antibodies Using Multiple Proteases and a Dual Fragmentation Scheme},
	volume=20,
	author={Peng, Weiwei and Pronker, Matti F. and Snijder, Joost},
	pages={3559--3566},
	date={2021-07-02},
	year=2021,
	month=7,
	day=2,
}
@article{Srzentić2020Interlaboratory,
	journal={Journal of the American Society for Mass Spectrometry},
	doi={10.1021/jasms.0c00036},
	issn={1044-0305},
	number=9,
	pmid=32812765,
	title={Interlaboratory Study for Characterizing Monoclonal Antibodies by Top-Down and Middle-Down Mass Spectrometry},
	volume=31,
	author={Srzentić, Kristina and Fornelli, Luca and Tsybin, Yury O. and Loo, Joseph A. and Seckler, Henrique and Agar, Jeffrey N. and Anderson, Lissa C. and Bai, Dina L. and Beck, Alain and Brodbelt, Jennifer S. and van der Burgt, Yuri E. M. and Chamot-Rooke, Julia and Chatterjee, Sneha and Chen, Yunqiu and Clarke, David J. and Danis, Paul O. and Diedrich, Jolene K. and D’Ippolito, Robert A. and Dupré, Mathieu and Gasilova, Natalia and Ge, Ying and Goo, Young Ah and Goodlett, David R. and Greer, Sylvester and Haselmann, Kim F. and He, Lidong and Hendrickson, Christopher L. and Hinkle, Joshua D. and Holt, V. Matthew and Hughes, Sam and Hunt, Donald F. and Kelleher, Neil L. and Kozhinov, Anton N. and Lin, Ziqing and Malosse, Christian and Marshall, Alan G. and Menin, Laure and Millikin, Robert J. and Nagornov, Konstantin O. and Nicolardi, Simone and Paša-Tolić, Ljiljana and Pengelley, Stuart and Quebbemann, Neil R. and Resemann, Anja and Sandoval, Wendy and Sarin, Richa and Schmitt, Nicholas D. and Shabanowitz, Jeffrey and Shaw, Jared B. and Shortreed, Michael R. and Smith, Lloyd M. and Sobott, Frank and Suckau, Detlev and Toby, Timothy and Weisbrod, Chad R. and Wildburger, Norelle C. and Yates, John R. and Yoon, Sung Hwan and Young, Nicolas L. and Zhou, Mowei},
	pages={1783--1802},
	date={2020-09-02},
	year=2020,
	month=9,
	day=2,
}
@article{Chiu2019Antibody,
	journal={Antibodies (Basel, Switzerland)},
	doi={10.3390/antib8040055},
	issn={2073-4468},
	number=4,
	pmid=31816964,
	title={Antibody Structure and Function: The Basis for Engineering Therapeutics.},
	volume=8,
	author={Chiu, Mark L. and Goulet, Dennis R. and Teplyakov, Alexey and Gilliland, Gary L.},
	pages=55,
	date={2019-12-03},
	year=2019,
	month=12,
	day=3,
}
@article{Porter1959hydrolysis,
	journal={Biochemical Journal},
	doi={10.1042/bj0730119},
	issn={0306-3283},
	number=1,
	pmid=14434282,
	publisher={Biochem J},
	title={The hydrolysis of rabbit γ-globulin and antibodies with crystalline papain},
	volume=73,
	author={Porter, R R},
	pages={119--127},
	date={1959-09-01},
	year=1959,
	month=9,
	day=1,
}
@article{Herr2003Insights,
	journal={Nature},
	doi={10.1038/nature01685},
	issn={0028-0836},
	number=6940,
	pmid=12768205,
	publisher={Nature Publishing Group},
	title={Insights into IgA-mediated immune responses from the crystal structures of human FcalphaRI and its complex with IgA1-Fc.},
	volume=423,
	author={Herr, Andrew B. and Ballister, Edward R. and Bjorkman, Pamela J.},
	pages={614--20},
	date={2003-06-05},
	year=2003,
	month=6,
	day=5,
}
@incollection{Charles A Janeway2001generation,
	booktitle={Immunobiology: The Immune System in Health and Disease},
	edition=5,
	isbn={0-8153-3642-X},
	publisher={Garland Science},
	address={New York (NY)},
	title={The generation of diversity in immunoglobulins},
	author={Charles A Janeway, Jr and Travers, Paul and Walport, Mark and Shlomchik, Mark J},
	date=2001,
	year=2001,
}
@incollection{Alberts2002Generation,
	booktitle={Molecular Biology of the Cell},
	edition=4,
	isbn={0-8153-3218-1},
	publisher={Garland Science},
	address={New York (NY)},
	title={The Generation of Antibody Diversity},
	author={Alberts, Bruce and Johnson, Alexander and Lewis, Julian and Raff, Martin and Roberts, Keith and Walter, Peter},
	date=2002,
	year=2002,
}
@article{Jeske1984Junctional,
	journal={Journal of immunology},
	issn={0022-1767},
	number=3,
	pmid=6747289,
	title={Junctional diversity is essential to antibody activity.},
	volume=133,
	author={Jeske, D J and Jarvis, J and Milstein, C and Capra, J D},
	pages={1090--1092},
	date={1984-09},
	year=1984,
	month=9,
}
@article{Aebersold2003Mass,
	journal={Nature},
	doi={10.1038/nature01511},
	issn={0028-0836},
	number=6928,
	pmid=12634793,
	publisher={Nature Publishing Group},
	title={Mass spectrometry-based proteomics},
	volume=422,
	author={Aebersold, Ruedi and Mann, Matthias},
	pages={198--207},
	date={2003-03-13},
	year=2003,
	month=3,
	day=13,
}
@article{Tran2016Complete,
	journal={Scientific Reports},
	doi={10.1038/srep31730},
	isbn={2045-2322 (Electronic)$\{\vphantom{\}}{\textbackslash}textbackslash\vphantom{\{}\}$r2045-2322 (Linking)},
	issn={2045-2322},
	number=1,
	note={Times cited: 1},
	pmid=27562653,
	title={Complete De Novo Assembly of Monoclonal Antibody Sequences},
	volume=6,
	author={Tran, Ngoc Hieu and Rahman, M Ziaur and He, Lin and Xin, Lei and Shan, Baozhen and Li, Ming},
	pages=31730,
	date={2016-10-26},
	year=2016,
	month=10,
	day=26,
}
@article{Guthals2012Shotgun,
	journal={Molecular & Cellular Proteomics},
	doi={10.1074/mcp.M111.015768},
	issn=15359476,
	number=10,
	note={Times cited: 1},
	pmid=22798278,
	publisher={American Society for Biochemistry and Molecular Biology},
	title={Shotgun Protein Sequencing with Meta-contig Assembly},
	volume=11,
	author={Guthals, Adrian and Clauser, Karl R and Bandeira, Nuno},
	pages={1084--1096},
	date={2012-10},
	year=2012,
	month=10,
}
@article{Donnelly2019Best,
	journal={Nature Methods 2019 16:7},
	doi={10.1038/s41592-019-0457-0},
	issn={1548-7105},
	number=7,
	pmid=31249407,
	publisher={Nature Publishing Group},
	title={Best practices and benchmarks for intact protein analysis for top-down mass spectrometry},
	volume=16,
	author={Donnelly, Daniel P. and Rawlins, Catherine M. and DeHart, Caroline J. and Fornelli, Luca and Schachner, Luis F. and Lin, Ziqing and Lippens, Jennifer L. and Aluri, Krishna C. and Sarin, Richa and Chen, Bifan and Lantz, Carter and Jung, Wonhyeuk and Johnson, Kendall R. and Koller, Antonius and Wolff, Jeremy J. and Campuzano, Iain D.G. and Auclair, Jared R. and Ivanov, Alexander R. and Whitelegge, Julian P. and Paša-Tolić, Ljiljana and Chamot-Rooke, Julia and Danis, Paul O. and Smith, Lloyd M. and Tsybin, Yury O. and Loo, Joseph A. and Ge, Ying and Kelleher, Neil L. and Agar, Jeffrey N.},
	pages={587--594},
	date={2019-06-27},
	year=2019,
	month=6,
	day=27,
}
@article{Bondt2021Human,
	journal={Cell Systems},
	doi={10.1016/j.cels.2021.08.008},
	issn=24054720,
	number=12,
	pmid=34613904,
	publisher={Cell Press},
	title={Human plasma IgG1 repertoires are simple, unique, and dynamic},
	volume=12,
	author={Bondt, Albert and Hoek, Max and Tamara, Sem and de Graaf, Bastiaan and Peng, Weiwei and Schulte, Douwe and van Rijswijck, Danique M.H. and den Boer, Maurits A. and Greisch, Jean François and Varkila, Meri R.J. and Snijder, Joost and Cremer, Olaf L. and Bonten, Marc J.M. and Heck, Albert J.R.},
	pages={1131--1143.e5},
	date=2021,
	year=2021,
}
@article{Guthals2017De,
	journal={Journal of Proteome Research},
	doi={10.1021/acs.jproteome.6b00608},
	issn={1535-3893},
	number=1,
	pmid=27779884,
	publisher={American Chemical Society},
	title={De Novo MS/MS Sequencing of Native Human Antibodies},
	volume=16,
	author={Guthals, Adrian and Gan, Yutian and Murray, Laura and Chen, Yongmei and Stinson, Jeremy and Nakamura, Gerald and Lill, Jennie R. and Sandoval, Wendy and Bandeira, Nuno},
	pages={45--54},
	date={2017-01-06},
	year=2017,
	month=1,
	day=6,
}
@article{Toby2016Progress,
	journal={Annual Review of Analytical Chemistry},
	doi={10.1146/annurev-anchem-071015-041550},
	isbn=0710150415,
	issn={1936-1327},
	number=1,
	pmid=27306313,
	title={Progress in Top-Down Proteomics and the Analysis of Proteoforms},
	volume=9,
	author={Toby, Timothy K. and Fornelli, Luca and Kelleher, Neil L.},
	pages={499--519},
	date={2016-06-12},
	year=2016,
	month=6,
	day=12,
}
@article{Compton2011On,
	journal={Analytical chemistry},
	doi={10.1021/ac2010795},
	issn={1520-6882},
	number=17,
	pmid=21744800,
	publisher={Anal Chem},
	title={On the scalability and requirements of whole protein mass spectrometry.},
	volume=83,
	author={Compton, Philip D and Zamdborg, Leonid and Thomas, Paul M and Kelleher, Neil L},
	pages={6868--6874},
	date={2011-09-01},
	year=2011,
	month=9,
	day=1,
}
@article{Johansson2008IdeS:,
	journal={PLoS ONE},
	doi={10.1371/journal.pone.0001692},
	issn={1932-6203},
	number=2,
	pmid=18301769,
	publisher={PLoS One},
	title={IdeS: A Bacterial Proteolytic Enzyme with Therapeutic Potential},
	volume=3,
	author={Johansson, Björn P. and Shannon, Oonagh and Björck, Lars},
	editor={Sollid, Ludvig},
	pages={e1692},
	date={2008-02-27},
	year=2008,
	month=2,
	day=27,
}
@article{Fornelli2014Middle-Down,
	journal={Analytical Chemistry},
	doi={10.1021/ac4036857},
	issn={0003-2700},
	number=6,
	pmid=24588056,
	title={Middle-Down Analysis of Monoclonal Antibodies with Electron Transfer Dissociation Orbitrap Fourier Transform Mass Spectrometry},
	volume=86,
	author={Fornelli, Luca and Ayoub, Daniel and Aizikov, Konstantin and Beck, Alain and Tsybin, Yury O},
	pages={3005--3012},
	date={2014-03-18},
	year=2014,
	month=3,
	day=18,
}
@article{Hudziak1989p185HER2,
	journal={Molecular and Cellular Biology},
	doi={10.1128/mcb.9.3.1165-1172.1989},
	isbn={0270-7306},
	issn={0270-7306},
	number=3,
	pmid=2566907,
	title={p185HER2 monoclonal antibody has antiproliferative effects in vitro and sensitizes human breast tumor cells to tumor necrosis factor},
	volume=9,
	author={Hudziak, Robert M and Lewis, Gail D and Winget, Marcy and Fendly, Brian M and Shepard, H Michael and Ullrich, A},
	pages={1165--1172},
	date={1989-03},
	year=1989,
	month=3,
}
@article{Carter1992Humanization,
	journal={Proceedings of the National Academy of Sciences of the United States of America},
	doi={10.1073/pnas.89.10.4285},
	isbn={0027-8424},
	issn={0027-8424},
	number=10,
	pmid=1350088,
	title={Humanization of an anti-p185HER2 antibody for human cancer therapy.},
	volume=89,
	author={Carter, Paul and Presta, L. and Gorman, Cornelia M and Ridgway, J B and Henner, Dennis and Wong, W L and Rowland, Ann M and Kotts, CMEC and Carver, Monique E and Shepard, H Michael},
	pages={4285--4289},
	date={1992-05-15},
	year=1992,
	month=5,
	day=15,
}
@article{Tsurushita2005Design,
	journal={Methods},
	doi={10.1016/j.ymeth.2005.01.007},
	issn=10462023,
	number=1,
	pmid=15848076,
	publisher={Methods},
	title={Design of humanized antibodies: From anti-Tac to Zenapax},
	volume=36,
	author={Tsurushita, Naoya and Hinton, Paul R. and Kumar, Shankar},
	pages={69--83},
	date={2005-05},
	year=2005,
	month=5,
}
@article{Khoja2015Pembrolizumab,
	journal={Journal for ImmunoTherapy of Cancer},
	doi={10.1186/s40425-015-0078-9},
	issn={2051-1426},
	number=1,
	pmid=26288737,
	publisher={J Immunother Cancer},
	title={Pembrolizumab},
	volume=3,
	author={Khoja, Leila and Butler, Marcus O and Kang, S Peter and Ebbinghaus, Scott and Joshua, Anthony M},
	pages=36,
	date={2015-12-18},
	year=2015,
	month=12,
	day=18,
}
@article{Busse2001Omalizumab,,
	journal={Journal of Allergy and Clinical Immunology},
	doi={10.1067/mai.2001.117880},
	issn=00916749,
	number=2,
	pmid=11496232,
	publisher={Mosby},
	title={Omalizumab, anti-IgE recombinant humanized monoclonal antibody, for the treatment of severe allergic asthma},
	volume=108,
	author={Busse, William and Corren, Jonathan and Lanier, Bobby Quentin and McAlary, Margaret and Fowler-Taylor, Angel and Cioppa, Della Giovanni and van As, Andre and Gupta, Niroo},
	pages={184--190},
	date={2001-08-01},
	year=2001,
	month=8,
	day=1,
}
@article{Presta1993Humanization,
	journal={Journal of immunology},
	issn={0022-1767},
	number=5,
	pmid=8360482,
	title={Humanization of an antibody directed against IgE.},
	volume=151,
	author={Presta, L G and Lahr, S J and Shields, R L and Porter, J P and Gorman, C M and Fendly, B M and Jardieu, P M},
	pages={2623--2632},
	date={1993-09-01},
	year=1993,
	month=9,
	day=1,
}
@article{Lu2020Development,
	journal={Journal of Biomedical Science},
	doi={10.1186/s12929-019-0592-z},
	issn={1423-0127},
	number=1,
	pmid=31894001,
	publisher={BioMed Central Ltd.},
	title={Development of therapeutic antibodies for the treatment of diseases},
	volume=27,
	author={Lu, Ruei-Min and Hwang, Yu-Chyi and Liu, I-Ju and Lee, Chi-Chiu and Tsai, Han-Zen and Li, Hsin-Jung and Wu, Han-Chung},
	pages=1,
	date={2020-12-02},
	year=2020,
	month=12,
	day=2,
}
@article{Morsa2019Multi-Enzymatic,
	journal={Journal of Proteome Research},
	doi={10.1021/acs.jproteome.9b00044},
	issn={1535-3893},
	number=6,
	pmid=31046285,
	title={Multi-Enzymatic Limited Digestion: The Next-Generation Sequencing for Proteomics?},
	volume=18,
	author={Morsa, Denis and Baiwir, Dominique and La Rocca, Raphaël and Zimmerman, Tyler A. and Hanozin, Emeline and Grifnée, Elodie and Longuespée, Rémi and Meuwis, Marie-Alice and Smargiasso, Nicolas and Pauw, De Edwin and Mazzucchelli, Gabriel},
	pages={2501--2513},
	date={2019-06-07},
	year=2019,
	month=6,
	day=7,
}
@article{Bandeira2008Beyond,
	journal={Nature Biotechnology},
	doi={10.1038/nbt1208-1336},
	issn={1087-0156},
	number=12,
	pmid=19060866,
	title={Beyond Edman Degradation: Automated de novo protein sequencing of monoclonal antibodies},
	volume=26,
	author={Bandeira, Nuno and Pham, Victoria and Pevzner, Pavel and Arnott, David and Lill, Jennie R},
	pages={1336--1338},
	date={2008-12},
	year=2008,
	month=12,
}
@article{Castellana2010Template,
	journal={Molecular & Cellular Proteomics},
	doi={10.1074/mcp.M900504-MCP200},
	issn=15359476,
	number=6,
	pmid=20164058,
	title={Template Proteogenomics: Sequencing Whole Proteins Using an Imperfect Database},
	volume=9,
	author={Castellana, Natalie E and Pham, Victoria and Arnott, David and Lill, Jennie R and Bafna, Vineet},
	pages={1260--1270},
	date={2010-06},
	year=2010,
	month=6,
}
@article{Savidor2017Database-independent,
	journal={Molecular & cellular proteomics : MCP},
	doi={10.1074/mcp.O116.065417},
	issn={1535-9484},
	number=6,
	note={Times cited: 1},
	pmid=28348172,
	publisher={American Society for Biochemistry and Molecular Biology},
	title={Database-independent Protein Sequencing (DiPS) Enables Full-length de Novo Protein and Antibody Sequence Determination.},
	volume=16,
	author={Savidor, Alon and Barzilay, Rotem and Elinger, Dalia and Yarden, Yosef and Lindzen, Moshit and Gabashvili, Alexandra and Adiv Tal, Ophir and Levin, Yishai},
	pages={1151--1161},
	date=2017,
	year=2017,
}
@article{Tran2016Complete,
	journal={Scientific Reports},
	doi={10.1038/srep31730},
	isbn={2045-2322 (Electronic)${\textbackslash}$r2045-2322 (Linking)},
	issn=20452322,
	number=31730,
	pmid=27562653,
	title={Complete de Novo Assembly of Monoclonal Antibody Sequences},
	volume=6,
	author={Tran, Ngoc Hieu and Rahman, M Ziaur and He, Lin and Xin, Lei and Shan, Baozhen and Li, Ming},
	pages={1--10},
	date=2016,
	year=2016,
}
@article{Liu2009Automated,
	journal={Bioinformatics},
	doi={10.1093/bioinformatics/btp366},
	isbn={1367-4811 (Electronic) 1367-4803 (Linking)},
	issn={1460-2059},
	number=17,
	pmid=19535534,
	title={Automated protein (re)sequencing with MS/MS and a homologous database yields almost full coverage and accuracy},
	volume=25,
	author={Liu, Xiaowen and Han, Yonghua and Yuen, Denis and Ma, Bin},
	pages={2174--2180},
	date={2009-09-01},
	year=2009,
	month=9,
	day=1,
}
@article{He2018Protein,
	journal={International Journal of Mass Spectrometry},
	doi={10.1016/j.ijms.2017.11.012},
	issn=13873806,
	publisher={Elsevier B.V.},
	title={Protein de novo sequencing by top-down and middle-down MS/MS: Limitations imposed by mass measurement accuracy and gaps in sequence coverage},
	volume=427,
	author={He, Lidong and Weisbrod, Chad R. and Marshall, Alan G.},
	pages={107--113},
	date={2018-04},
	year=2018,
	month=4,
}
@article{Macias2020Ion,
	journal={Analytical Chemistry},
	doi={10.1021/acs.analchem.9b04859},
	issn={0003-2700},
	number=1,
	pmid=31665881,
	publisher={Anal Chem},
	title={Ion Activation Methods for Peptides and Proteins},
	volume=92,
	author={Macias, Luis A. and Santos, Inês C. and Brodbelt, Jennifer S.},
	pages={227--251},
	date={2020-01-07},
	year=2020,
	month=1,
	day=7,
}
@article{Roepstorff1984Proposal,
	journal={Biomedical mass spectrometry},
	doi={10.1002/bms.1200111109},
	issn={0306-042X},
	number=11,
	pmid=6525415,
	publisher={Biomed Mass Spectrom},
	title={Proposal for a common nomenclature for sequence ions in mass spectra of peptides.},
	volume=11,
	author={Roepstorff, P. and Fohlman, J.},
	pages=601,
	date={1984-11},
	year=1984,
	month=11,
}
@article{Syka2004Peptide,
	journal={Proceedings of the National Academy of Sciences},
	doi={10.1073/pnas.0402700101},
	issn={0027-8424},
	number=26,
	pmid=15210983,
	publisher={National Academy of Sciences},
	title={Peptide and protein sequence analysis by electron transfer dissociation mass spectrometry},
	volume=101,
	author={Syka, John E. P. and Coon, Joshua J. and Schroeder, Melanie J. and Shabanowitz, Jeffrey and Hunt, Donald F.},
	pages={9528--9533},
	date={2004-06-29},
	year=2004,
	month=6,
	day=29,
}
@article{Zubarev2000Electron,
	journal={Analytical Chemistry},
	doi={10.1021/ac990811p},
	issn={0003-2700},
	number=3,
	pmid=10695143,
	publisher={Anal Chem},
	title={Electron Capture Dissociation for Structural Characterization of Multiply Charged Protein Cations},
	volume=72,
	author={Zubarev, Roman A. and Horn, David M. and Fridriksson, Einar K. and Kelleher, Neil L. and Kruger, Nathan A. and Lewis, Mark A. and Carpenter, Barry K. and McLafferty, Fred W.},
	pages={563--573},
	date={2000-02-01},
	year=2000,
	month=2,
	day=1,
}
@article{McLuckey1998Ion/ion,
	journal={Mass Spectrometry Reviews},
	doi={10.1002/(SICI)1098-2787(1998)17:6{\textless}369::AID-MAS1{\textgreater}3.0.CO;2-J},
	issn=02777037,
	number=6,
	pmid=10360331,
	title={Ion/ion chemistry of high-mass multiply charged ions},
	volume=17,
	author={McLuckey, Scott A. and Stephenson, James L.},
	pages={369--407},
	date={1998-11},
	year=1998,
	month=11,
}
@article{Brodbelt2016Ion,
	journal={Analytical Chemistry},
	doi={10.1021/acs.analchem.5b04563},
	isbn={1520-6882 (Electronic){\textbackslash}r0003-2700 (Linking)},
	issn=15206882,
	number=1,
	pmid=26630359,
	title={Ion Activation Methods for Peptides and Proteins},
	volume=88,
	author={Brodbelt, Jennifer S.},
	pages={30--51},
	date=2016,
	year=2016,
}
@article{Brodbelt2020Ultraviolet,
	journal={Chemical Reviews},
	doi={10.1021/acs.chemrev.9b00440},
	issn={0009-2665},
	number=7,
	pmid=31851501,
	publisher={American Chemical Society},
	title={Ultraviolet Photodissociation Mass Spectrometry for Analysis of Biological Molecules},
	volume=120,
	author={Brodbelt, Jennifer S. and Morrison, Lindsay J. and Santos, Inês},
	pages={3328--3380},
	date={2020-04-08},
	year=2020,
	month=4,
	day=8,
}
@article{Xiao2016Distinguishing,
	journal={Analytical Chemistry},
	doi={10.1021/acs.analchem.6b03409},
	issn=15206882,
	number=21,
	pmid=27704771,
	title={Distinguishing between Leucine and Isoleucine by Integrated LC-MS Analysis Using an Orbitrap Fusion Mass Spectrometer},
	volume=88,
	author={Xiao, Yongsheng and Vecchi, Malgorzata M. and Wen, Dingyi},
	pages={10757--10766},
	date=2016,
	year=2016,
}
@article{Kjeldsen2003Distinguishing,
	journal={Analytical Chemistry},
	doi={10.1021/ac020422m},
	issn={0003-2700},
	number=6,
	publisher={American Chemical Society},
	title={Distinguishing of Ile/Leu Amino Acid Residues in the PP3 Protein by (Hot) Electron Capture Dissociation in Fourier Transform Ion Cyclotron Resonance Mass Spectrometry},
	volume=75,
	author={Kjeldsen, Frank and Haselmann, Kim F. and Sørensen, Esben S. and Zubarev, Roman A.},
	pages={1267--1274},
	date={2003-03-01},
	year=2003,
	month=3,
	day=1,
}
@article{Horn2000Automated,
	journal={Proceedings of the National Academy of Sciences},
	doi={10.1073/pnas.97.19.10313},
	issn={0027-8424},
	number=19,
	note={Times cited: 2},
	pmid=10984529,
	publisher={National Academy of Sciences},
	title={Automated de novo sequencing of proteins by tandem high-resolution mass spectrometry},
	volume=97,
	author={Horn, D M and Zubarev, R A and McLafferty, F W},
	pages={10313--10317},
	date={2000-09-12},
	year=2000,
	month=9,
	day=12,
}
@article{Guthals2013Sequencing-grade,
	journal={Journal of Proteome Research},
	doi={10.1021/pr400173d},
	isbn={1535-3893},
	issn=15353893,
	number=6,
	pmid=23679345,
	title={Sequencing-grade de novo analysis of MS/MS triplets (CID/HCD/ETD) from overlapping peptides},
	volume=12,
	author={Guthals, Adrian and Clauser, Karl R. and Frank, Ari M. and Bandeira, Nuno},
	pages={2846--2857},
	date=2013,
	year=2013,
}
@article{Vyatkina2017De,
	journal={Proteomes},
	doi={10.3390/proteomes5010006},
	isbn={2227-7382},
	issn={2227-7382},
	number=1,
	pmid=28248257,
	title={De Novo Sequencing of Top-Down Tandem Mass Spectra: A Next Step towards Retrieving a Complete Protein Sequence.},
	volume=5,
	author={Vyatkina, Kira},
	pages=6,
	date={2017-02-08},
	year=2017,
	month=2,
	day=8,
}
@article{Datta2009Spectrum,
	journal={Journal of Computational Biology},
	doi={10.1089/cmb.2009.0122},
	issn={1066-5277},
	number=8,
	pmid=19645594,
	title={Spectrum Fusion: Using Multiple Mass Spectra for De Novo Peptide Sequencing},
	volume=16,
	author={Datta, Ritendra and Bern, Marshall},
	pages={1169--1182},
	date={2009-08},
	year=2009,
	month=8,
}
@article{Horton2017Comprehensive,
	journal={Analytical Chemistry},
	doi={10.1021/acs.analchem.7b00130},
	issn={0003-2700},
	number=6,
	title={Comprehensive de Novo Peptide Sequencing from MS/MS Pairs Generated through Complementary Collision Induced Dissociation and 351 nm Ultraviolet Photodissociation},
	volume=89,
	author={Horton, Andrew P. and Robotham, Scott A. and Cannon, Joe R. and Holden, Dustin D. and Marcotte, Edward M. and Brodbelt, Jennifer S.},
	pages={3747--3753},
	date={2017-03-21},
	year=2017,
	month=3,
	day=21,
}
@article{Bertsch2009De,
	journal={Electrophoresis},
	doi={10.1002/elps.200900332},
	issn=01730835,
	number=21,
	pmid=19862751,
	title={De novo peptide sequencing by tandem MS using complementary CID and electron transfer dissociation},
	volume=30,
	author={Bertsch, Andreas and Leinenbach, Andreas and Pervukhin, Anton and Lubeck, Markus and Hartmer, Ralf and Baessmann, Carsten and Elnakady, Yasser Abbas and Müller, Rolf and Böcker, Sebastian and Huber, Christian G and Kohlbacher, Oliver},
	pages={3736--3747},
	date={2009-11},
	year=2009,
	month=11,
}
@article{Lefranc2003IMGT,,
	journal={Nucleic Acids Research},
	doi={10.1093/nar/gkg085},
	issn=03051048,
	number=1,
	pmid=9847182,
	publisher={Oxford University Press},
	title={IMGT, the international ImMunoGeneTics database®},
	volume=31,
	author={Lefranc, Marie Paule},
	pages={307--310},
	date={2003-01-01},
	year=2003,
	month=1,
	day=1,
}
@article{Lefranc2020Immunoglobulins,
	journal={Biomedicines},
	doi={10.3390/biomedicines8090319},
	issn={2227-9059},
	number=9,
	pmid=32878258,
	publisher={Biomedicines},
	title={Immunoglobulins or Antibodies: IMGT® Bridging Genes, Structures and Functions},
	volume=8,
	author={Lefranc, Marie-Paule and Lefranc, Gérard},
	pages=319,
	date={2020-08-31},
	year=2020,
	month=8,
	day=31,
}
@article{Schmelter2017Peptides,
	journal={Human Molecular Genetics},
	doi={10.1093/hmg/ddx332},
	issn={0964-6906},
	number=22,
	pmid=29036575,
	title={Peptides of the variable IgG domain as potential biomarker candidates in primary open-angle glaucoma (POAG)},
	volume=26,
	author={Schmelter, Carsten and Perumal, Natarajan and Funke, Sebastian and Bell, Katharina and Pfeiffer, Norbert and Grus, Franz H},
	pages={4451--4464},
	date={2017-11-15},
	year=2017,
	month=11,
	day=15,
}
@article{Singh2013Cerebrospinal-fluid-derived,
	journal={Molecular & Cellular Proteomics},
	doi={10.1074/mcp.M113.030346},
	issn=15359476,
	number=12,
	pmid=23970564,
	publisher={Elsevier},
	title={Cerebrospinal-fluid-derived Immunoglobulin G of Different Multiple Sclerosis Patients Shares Mutated Sequences in Complementarity Determining Regions},
	volume=12,
	author={Singh, Vaibhav and Stoop, Marcel P. and Stingl, Christoph and Luitwieler, Ronald L. and Dekker, Lennard J. and van Duijn, Martijn M. and Kreft, Karim L. and Luider, Theo M. and Hintzen, Rogier Q.},
	pages={3924--3934},
	date={2013-12-01},
	year=2013,
	month=12,
	day=1,
}
@article{Broodman2012Mass,
	journal={Proteomics},
	doi={10.1002/pmic.201100244},
	issn=16159853,
	number=2,
	pmid=22120973,
	publisher={Proteomics},
	title={Mass spectrometry analyses of κ and λ fractions result in increased number of complementarity-determining region identifications},
	volume=12,
	author={Broodman, Ingrid and de Costa, Dominique and Stingl, Christoph and Dekker, Lennard J. M. and VanDuijn, Martijn M. and Lindemans, Jan and van Klaveren, Rob J. and Luider, Theo M.},
	pages={183--191},
	date={2012-01},
	year=2012,
	month=1,
}
@article{Costa2010Sequencing,
	journal={Journal of Proteome Research},
	doi={10.1021/pr901114w},
	issn={1535-3893},
	number=6,
	pmid=20387908,
	publisher={J Proteome Res},
	title={Sequencing and Quantifying IgG Fragments and Antigen-Binding Regions by Mass Spectrometry},
	volume=9,
	author={de Costa, Dominique and Broodman, Ingrid and VanDuijn, Martijn M. and Stingl, Christoph and Dekker, Lennard J. M. and Burgers, Peter C. and Hoogsteden, Henk C. and Sillevis Smitt, Peter A. E. and van Klaveren, Rob J. and Luider, Theo M.},
	pages={2937--2945},
	date={2010-06-04},
	year=2010,
	month=6,
	day=4,
}
@article{Tamara2021High-Resolution,
	journal={Chemical reviews},
	doi={10.1021/acs.chemrev.1c00212},
	issn={1520-6890},
	pmid=34415162,
	publisher={American Chemical Society},
	title={High-Resolution Native Mass Spectrometry.},
	author={Tamara, Sem and den Boer, Maurits A. and Heck, Albert J. R.},
	pages={acs.chemrev.1c00212},
	date={2021-08-20},
	year=2021,
	month=8,
	day=20,
}
@article{Lössl2014Boundaries,
	journal={Journal of the American Society for Mass Spectrometry},
	doi={10.1007/s13361-014-0874-3},
	issn={1044-0305},
	number=6,
	pmid=24700121,
	publisher={J Am Soc Mass Spectrom},
	title={Boundaries of Mass Resolution in Native Mass Spectrometry},
	volume=25,
	author={Lössl, Philip and Snijder, Joost and Heck, Albert J. R.},
	pages={906--917},
	date={2014-06-01},
	year=2014,
	month=6,
	day=1,
}
@article{Mao2013Top-down,
	journal={Analytical chemistry},
	doi={10.1021/ac303525n},
	issn={1520-6882},
	number=9,
	pmid=23551206,
	publisher={American Chemical Society},
	title={Top-down structural analysis of an intact monoclonal antibody by electron capture dissociation-Fourier transform ion cyclotron resonance-mass spectrometry.},
	volume=85,
	author={Mao, Yuan and Valeja, Santosh G and Rouse, Jason C and Hendrickson, Christopher L and Marshall, Alan G},
	pages={4239--4246},
	date={2013-05-07},
	year=2013,
	month=5,
	day=7,
}
@article{Tsybin2011Structural,
	journal={Analytical Chemistry},
	doi={10.1021/ac201293m},
	isbn={1520-6882 (Electronic){\textbackslash}r0003-2700 (Linking)},
	issn={0003-2700},
	number=23,
	pmid=22017162,
	title={Structural Analysis of Intact Monoclonal Antibodies by Electron Transfer Dissociation Mass Spectrometry},
	volume=83,
	author={Tsybin, Yury O and Fornelli, Luca and Stoermer, Carsten and Luebeck, Markus and Parra, Julien and Nallet, Sophie and Wurm, Florian M and Hartmer, Ralf},
	pages={8919--8927},
	date={2011-12-01},
	year=2011,
	month=12,
	day=1,
}
@article{Resemann2016Full,
	journal={mAbs},
	doi={10.1080/19420862.2015.1128607},
	issn={1942-0862},
	number=2,
	pmid=26760197,
	publisher={Taylor and Francis Inc.},
	title={Full validation of therapeutic antibody sequences by middle-up mass measurements and middle-down protein sequencing},
	volume=8,
	author={Resemann, Anja and Jabs, Wolfgang and Wiechmann, Anja and Wagner, Elsa and Colas, Olivier and Evers, Waltraud and Belau, Eckhard and Vorwerg, Lars and Evans, Catherine and Beck, Alain and Suckau, Detlev},
	pages={318--330},
	date={2016-02-17},
	year=2016,
	month=2,
	day=17,
}
@article{Greisch2021Generating,
	journal={Journal of the American Society for Mass Spectrometry},
	doi={10.1021/jasms.0c00461},
	issn={1044-0305},
	number=6,
	pmid=33570406,
	title={Generating Informative Sequence Tags from Antigen-Binding Regions of Heavily Glycosylated IgA1 Antibodies by Native Top-Down Electron Capture Dissociation},
	volume=32,
	author={Greisch, Jean-Francois and den Boer, Maurits A. and Beurskens, Frank and Schuurman, Janine and Tamara, Sem and Bondt, Albert and Heck, Albert J. R.},
	pages={1326--1335},
	date={2021-06-02},
	year=2021,
	month=6,
	day=2,
}
@article{Boer2020Selectivity,
	journal={Chemical science},
	doi={10.1039/d0sc03438j},
	issn={2041-6520},
	number=43,
	pmid=33520151,
	publisher={Royal Society of Chemistry},
	title={Selectivity over coverage in de novo sequencing of IgGs.},
	volume=11,
	author={den Boer, Maurits A. and Greisch, Jean-Francois and Tamara, Sem and Bondt, Albert and Heck, Albert J. R.},
	pages={11886--11896},
	date={2020-11-21},
	year=2020,
	month=11,
	day=21,
}
@article{Greisch2021Extending,
	journal={Analytical Chemistry},
	doi={10.1021/acs.analchem.1c03740},
	issn={0003-2700},
	number=48,
	pmid=34813704,
	title={Extending Native Top-Down Electron Capture Dissociation to MDa Immunoglobulin Complexes Provides Useful Sequence Tags Covering Their Critical Variable Complementarity-Determining Regions},
	volume=93,
	author={Greisch, Jean-Francois and den Boer, Maurits A. and Lai, Szu-Hsueh and Gallagher, Kelly and Bondt, Albert and Commandeur, Jan and Heck, Albert J.R.},
	pages={16068--16075},
	date={2021-12-07},
	year=2021,
	month=12,
	day=7,
}
@article{Spoerry2016Identification,
	journal={Journal of Biological Chemistry},
	doi={10.1074/jbc.M115.711440},
	issn=00219258,
	number=15,
	pmid=26861873,
	publisher={American Society for Biochemistry and Molecular Biology},
	title={Identification and Characterization of IgdE, a Novel IgG-degrading Protease of Streptococcus suis with Unique Specificity for Porcine IgG},
	volume=291,
	author={Spoerry, Christian and Seele, Jana and Valentin-Weigand, Peter and Baums, Christoph G. and von Pawel-Rammingen, Ulrich},
	pages={7915--7925},
	date={2016-04},
	year=2016,
	month=4,
}
@article{Lermyte2019Top,
	journal={Journal of the American Society for Mass Spectrometry},
	doi={10.1007/s13361-019-02201-x},
	issn={1044-0305},
	number=7,
	pmid=31073892,
	publisher={Springer New York LLC},
	title={Top or Middle? Up or Down? Toward a Standard Lexicon for Protein Top-Down and Allied Mass Spectrometry Approaches},
	volume=30,
	author={Lermyte, Frederik and Tsybin, Yury O. and O’Connor, Peter B. and Loo, Joseph A.},
	pages={1149--1157},
	date={2019-07-01},
	year=2019,
	month=7,
	day=1,
}
@article{Fornelli2012Analysis,
	journal={Molecular & Cellular Proteomics},
	doi={10.1074/mcp.M112.019620},
	issn=15359476,
	number=12,
	pmid=22964222,
	publisher={Mol Cell Proteomics},
	title={Analysis of Intact Monoclonal Antibody IgG1 by Electron Transfer Dissociation Orbitrap FTMS},
	volume=11,
	author={Fornelli, Luca and Damoc, Eugen and Thomas, Paul M. and Kelleher, Neil L. and Aizikov, Konstantin and Denisov, Eduard and Makarov, Alexander and Tsybin, Yury O.},
	pages={1758--1767},
	date={2012-12},
	year=2012,
	month=12,
}
@article{Fornelli2017Top-down,
	journal={Journal of proteomics},
	doi={10.1016/j.jprot.2017.02.013},
	issn={1876-7737},
	pmid=28242452,
	publisher={Elsevier B.V.},
	title={Top-down analysis of immunoglobulin G isotypes 1 and 2 with electron transfer dissociation on a high-field Orbitrap mass spectrometer.},
	volume=159,
	author={Fornelli, Luca and Ayoub, Daniel and Aizikov, Konstantin and Liu, Xiaowen and Damoc, Eugen and Pevzner, Pavel A. and Makarov, Alexander and Beck, Alain and Tsybin, Yury O.},
	pages={67--76},
	date={2017-04-21},
	year=2017,
	month=4,
	day=21,
}
@article{Fornelli2018Accurate,
	journal={Analytical Chemistry},
	doi={10.1021/acs.analchem.8b00984},
	issn={0003-2700},
	number=14,
	pmid=29894161,
	title={Accurate Sequence Analysis of a Monoclonal Antibody by Top-Down and Middle-Down Orbitrap Mass Spectrometry Applying Multiple Ion Activation Techniques},
	volume=90,
	author={Fornelli, Luca and Srzentić, Kristina and Huguet, Romain and Mullen, Christopher and Sharma, Seema and Zabrouskov, Vlad and Fellers, Ryan T. and Durbin, Kenneth R. and Compton, Philip D. and Kelleher, Neil L.},
	pages={8421--8429},
	date={2018-07-17},
	year=2018,
	month=7,
	day=17,
}
@article{Shaw2020Direct,
	journal={Analytical chemistry},
	doi={10.1021/ACS.ANALCHEM.9B03129},
	issn={1520-6882},
	number=1,
	pmid=31769659,
	publisher={Anal Chem},
	title={Direct Determination of Antibody Chain Pairing by Top-down and Middle-down Mass Spectrometry Using Electron Capture Dissociation and Ultraviolet Photodissociation},
	volume=92,
	author={Shaw, Jared B. and Liu, Weijing and Vasilev, V. Yury and Bracken, Carter C. and Malhan, Neha and Guthals, Adrian and Beckman, Joseph S. and Voinov, Valery G.},
	pages={766--773},
	date={2020-01-07},
	year=2020,
	month=1,
	day=7,
}
@article{Shaw2018Sequencing,
	journal={Analytical chemistry},
	doi={10.1021/ACS.ANALCHEM.8B01901},
	issn={1520-6882},
	number=18,
	pmid=30118589,
	publisher={Anal Chem},
	title={Sequencing Grade Tandem Mass Spectrometry for Top-Down Proteomics Using Hybrid Electron Capture Dissociation Methods in a Benchtop Orbitrap Mass Spectrometer},
	volume=90,
	author={Shaw, Jared B. and Malhan, Neha and Vasil'Ev, V. Yury and Lopez, Nathan I. and Makarov, Alexander and Beckman, Joseph S. and Voinov, Valery G.},
	pages={10819--10827},
	date={2018-09-18},
	year=2018,
	month=9,
	day=18,
}
@article{Shen2017High-resolution,
	journal={Journal of chromatography. A},
	doi={10.1016/j.chroma.2017.01.008},
	issn={1873-3778},
	pmid=28077236,
	publisher={Elsevier},
	title={High-resolution ultrahigh-pressure long column reversed-phase liquid chromatography for top-down proteomics.},
	volume=1498,
	author={Shen, Yufeng and Tolić, Nikola and Piehowski, Paul D and Shukla, Anil K and Kim, Sangtae and Zhao, Rui and Qu, Yi and Robinson, Errol and Smith, Richard D and Paša-Tolić, Ljiljana},
	pages={99--110},
	date={2017-05-19},
	year=2017,
	month=5,
	day=19,
}
@article{Ma2003PEAKS:,
	journal={Rapid Communications in Mass Spectrometry},
	doi={10.1002/rcm.1196},
	isbn={1097-0231},
	issn={0951-4198},
	number=20,
	pmid=14558135,
	title={PEAKS: powerful software for peptide de novo sequencing by tandem mass spectrometry},
	volume=17,
	author={Ma, Bin and Zhang, Kaizhong and Hendrie, Christopher and Liang, Chengzhi and Li, Ming and Doherty-Kirby, Amanda and Lajoie, Gilles},
	pages={2337--2342},
	date=2003,
	year=2003,
}
@article{Vyatkina2015De,
	journal={Journal of Proteome Research},
	doi={10.1021/pr501244v},
	issn={1535-3893},
	number=11,
	pmid=26412692,
	title={De Novo Sequencing of Peptides from Top-Down Tandem Mass Spectra},
	volume=14,
	author={Vyatkina, Kira and Wu, Si and Dekker, Lennard J. M. and VanDuijn, Martijn M. and Liu, Xiaowen and Tolić, Nikola and Dvorkin, Mikhail and Alexandrova, Sonya and Luider, Theo M. and Paša-Tolić, Ljiljana and Pevzner, Pavel A.},
	pages={4450--4462},
	date={2015-11-06},
	year=2015,
	month=11,
	day=6,
}
@article{Liu2014De,
	journal={Journal of Proteome Research},
	doi={10.1021/pr401300m},
	isbn={1535-3907 (Electronic)$\{\vphantom{\}}{\textbackslash}textbackslash\vphantom{\{}\}$r1535-3893 (Linking)},
	issn={1535-3893},
	number=7,
	note={Times cited: 1},
	pmid=24874765,
	title={De Novo Protein Sequencing by Combining Top-Down and Bottom-Up Tandem Mass Spectra},
	volume=13,
	author={Liu, Xiaowen and Dekker, Lennard J M and Wu, Si and Vanduijn, Martijn M and Luider, Theo M and Tolić, Nikola and Kou, Qiang and Dvorkin, Mikhail and Alexandrova, Sonya and Vyatkina, Kira and Paša-Tolić, Ljiljana and Pevzner, Pavel A},
	pages={3241--3248},
	date={2014-07-03},
	year=2014,
	month=7,
	day=3,
}
@article{Lavinder2015Next-generation,
	journal={Current opinion in chemical biology},
	doi={10.1016/j.cbpa.2014.11.007},
	issn={1879-0402},
	pmid=25461729,
	publisher={Elsevier Current Trends},
	title={Next-generation sequencing and protein mass spectrometry for the comprehensive analysis of human cellular and serum antibody repertoires.},
	volume=24,
	author={Lavinder, Jason J. and Horton, Andrew P. and Georgiou, George and Ippolito, Gregory C.},
	pages={112--20},
	date={2015-02-01},
	year=2015,
	month=2,
	day=1,
}
@article{Lavinder2014Identification,
	journal={Proceedings of the National Academy of Sciences},
	doi={10.1073/pnas.1317793111},
	issn={0027-8424},
	number=6,
	pmid=24469811,
	publisher={Proc Natl Acad Sci U S A},
	title={Identification and characterization of the constituent human serum antibodies elicited by vaccination},
	volume=111,
	author={Lavinder, Jason J. and Wine, Yariv and Giesecke, Claudia and Ippolito, Gregory C. and Horton, Andrew P. and Lungu, Oana I. and Hoi, Kam Hon and DeKosky, Brandon J. and Murrin, Ellen M. and Wirth, Megan M. and Ellington, Andrew D. and Dörner, Thomas and Marcotte, Edward M. and Boutz, Daniel R. and Georgiou, George},
	pages={2259--2264},
	date={2014-02-11},
	year=2014,
	month=2,
	day=11,
}
@article{Lee2016Molecular-level,
	journal={Nature Medicine},
	doi={10.1038/nm.4224},
	issn={1546170X},
	number=12,
	pmid=27820605,
	publisher={Nature Publishing Group},
	title={Molecular-level analysis of the serum antibody repertoire in young adults before and after seasonal influenza vaccination},
	volume=22,
	author={Lee, Jiwon and Boutz, Daniel R. and Chromikova, Veronika and Joyce, M. Gordon and Vollmers, Christopher and Leung, Kwanyee and Horton, Andrew P. and DeKosky, Brandon J. and Lee, Chang Han and Lavinder, Jason J. and Murrin, Ellen M. and Chrysostomou, Constantine and Hoi, Kam Hon and Tsybovsky, Yaroslav and Thomas, V. Paul and Druz, Aliaksandr and Zhang, Baoshan and Zhang, Yi and Wang, Lingshu and Kong, Wing Pui and Park, Daechan and Popova, Lyubov I. and Dekker, Cornelia L. and Davis, Mark M. and Carter, Chalise E. and Ross, Ted M. and Ellington, Andrew D. and Wilson, Patrick C. and Marcotte, Edward M. and Mascola, John R. and Ippolito, Gregory C. and Krammer, Florian and Quake, Stephen R. and Kwong, Peter D. and Georgiou, George},
	pages={1456--1464},
	date={2016-12-01},
	year=2016,
	month=12,
	day=1,
}
@article{Lee2019Persistent,
	journal={Cell Host & Microbe},
	doi={10.1016/j.chom.2019.01.010},
	issn=19313128,
	number=3,
	pmid=30795981,
	publisher={Cell Press},
	title={Persistent Antibody Clonotypes Dominate the Serum Response to Influenza over Multiple Years and Repeated Vaccinations},
	volume=25,
	author={Lee, Jiwon and Paparoditis, Philipp and Horton, Andrew P. and Frühwirth, Alexander and McDaniel, Jonathan R. and Jung, Jiwon and Boutz, Daniel R. and Hussein, Dania A. and Tanno, Yuri and Pappas, Leontios and Ippolito, Gregory C. and Corti, Davide and Lanzavecchia, Antonio and Georgiou, George},
	pages={367--376.e5},
	date={2019-03-13},
	year=2019,
	month=3,
	day=13,
}
@article{Bonissone2020Serum,
	journal={bioRxiv},
	doi={10.1101/833871},
	issn={2692-8205},
	publisher={Cold Spring Harbor Laboratory},
	title={Serum proteomics expands on high-affinity antibodies in immunized rabbits than deep B-cell repertoire sequencing alone},
	author={Bonissone, Stefano R. and Lima, Thiago and Harris, Katherine and Davison, Laura and Avanzino, Brian and Trinklein, Nathan and Castellana, Natalie and Patel, Anand},
	pages=833871,
	date={2020-01-31},
	year=2020,
	month=1,
	day=31,
}
@article{Gilchuk2021Proteo-Genomic,
	journal={Frontiers in Immunology},
	doi={10.3389/fimmu.2021.706757},
	issn={1664-3224},
	pmid=34335620,
	publisher={Frontiers Media S.A.},
	title={Proteo-Genomic Analysis Identifies Two Major Sites of Vulnerability on Ebolavirus Glycoprotein for Neutralizing Antibodies in Convalescent Human Plasma},
	volume=12,
	author={Gilchuk, Pavlo and Guthals, Adrian and Bonissone, Stefano R. and Shaw, Jared B. and Ilinykh, Philipp A. and Huang, Kai and Bombardi, Robin G. and Liang, Jenny and Grinyo, Ariadna and Davidson, Edgar and Chen, Elaine C. and Gunn, Bronwyn M. and Alter, Galit and Saphire, Erica Ollmann and Doranz, Benjamin J. and Bukreyev, Alexander and Zeitlin, Larry and Castellana, Natalie and Crowe, James E.},
	pages=706757,
	date={2021-07-16},
	year=2021,
	month=7,
	day=16,
}
@article{Cha2017Antibody,
	journal={Molecular & Cellular Proteomics},
	doi={10.1074/mcp.ra117.000397},
	issn=15359476,
	number=12,
	pmid=29046389,
	publisher={American Society for Biochemistry and Molecular Biology},
	title={The Antibody Repertoire of Colorectal Cancer},
	volume=16,
	author={Cha, Seong Won and Bonissone, Stefano and Na, Seungjin and Pevzner, Pavel A. and Bafna, Vineet},
	pages={2111--2124},
	date={2017-12-01},
	year=2017,
	month=12,
	day=1,
}
@article{Safonova2015IgRepertoireConstructor:,
	journal={Bioinformatics},
	doi={10.1093/bioinformatics/btv238},
	issn={1367-4803},
	number=12,
	pmid=26072509,
	publisher={Oxford University Press},
	title={IgRepertoireConstructor: a novel algorithm for antibody repertoire construction and immunoproteogenomics analysis},
	volume=31,
	author={Safonova, Yana and Bonissone, Stefano and Kurpilyansky, Eugene and Starostina, Ekaterina and Lapidus, Alla and Stinson, Jeremy and DePalatis, Laura and Sandoval, Wendy and Lill, Jennie and Pevzner, Pavel A.},
	pages={i53--i61},
	date={2015-06-15},
	year=2015,
	month=6,
	day=15,
}
@article{Bonissone2016Immunoglobulin,
	journal={Journal of Computational Biology},
	doi={10.1089/cmb.2016.0010},
	issn={1066-5277},
	number=6,
	pmid=27149636,
	publisher={Mary Ann Liebert, Inc.},
	title={Immunoglobulin Classification Using the Colored Antibody Graph},
	volume=23,
	author={Bonissone, Stefano R. and Pevzner, Pavel A.},
	pages={483--494},
	date={2016-06-01},
	year=2016,
	month=6,
	day=1,
}
@article{He2017Analysis,
	journal={Journal of the American Society for Mass Spectrometry},
	doi={10.1007/s13361-017-1602-6},
	issn={1044-0305},
	number=5,
	pmid=28247297,
	title={Analysis of Monoclonal Antibodies in Human Serum as a Model for Clinical Monoclonal Gammopathy by Use of 21 Tesla FT-ICR Top-Down and Middle-Down MS/MS},
	volume=28,
	author={He, Lidong and Anderson, Lissa C. and Barnidge, David R. and Murray, David L. and Hendrickson, Christopher L. and Marshall, Alan G.},
	pages={827--838},
	date={2017-05-01},
	year=2017,
	month=5,
	day=1,
}
@article{He2019Classification,
	journal={Analytical Chemistry},
	doi={10.1021/acs.analchem.8b03294},
	issn={0003-2700},
	number=5,
	pmid=30801187,
	title={Classification of Plasma Cell Disorders by 21 Tesla Fourier Transform Ion Cyclotron Resonance Top-Down and Middle-Down MS/MS Analysis of Monoclonal Immunoglobulin Light Chains in Human Serum},
	volume=91,
	author={He, Lidong and Anderson, Lissa C. and Barnidge, David R. and Murray, David L. and Dasari, Surendra and Dispenzieri, Angela and Hendrickson, Christopher L. and Marshall, Alan G.},
	pages={3263--3269},
	date={2019-03-05},
	year=2019,
	month=3,
	day=5,
}
@article{Mills2015Detecting,
	journal={Methods},
	doi={10.1016/j.ymeth.2015.04.020},
	issn=10462023,
	pmid=25916620,
	publisher={Elsevier Inc.},
	title={Detecting monoclonal immunoglobulins in human serum using mass spectrometry},
	volume=81,
	author={Mills, John R. and Barnidge, David R. and Murray, David L.},
	pages={56--65},
	date={2015-06},
	year=2015,
	month=6,
}
@article{Sharpley2019novel,
	journal={Blood Cancer Journal},
	doi={10.1038/s41408-019-0180-1},
	issn={2044-5385},
	number=2,
	pmid=30718462,
	publisher={Springer US},
	title={A novel mass spectrometry method to identify the serum monoclonal light chain component in systemic light chain amyloidosis},
	volume=9,
	author={Sharpley, Faye A. and Manwani, Richa and Mahmood, Shameem and Sachchithanantham, Sajitha and Lachmann, Helen J. and Gillmore, Julian D. and Whelan, Carol J. and Fontana, Marianna and Hawkins, Philip N. and Wechalekar, Ashutosh D.},
	pages=16,
	date={2019-02-04},
	year=2019,
	month=2,
	day=4,
}
@article{Dupré2021De,
	journal={Analytical Chemistry},
	doi={10.1021/acs.analchem.1c01955},
	issn=15206882,
	number=30,
	pmid=34292722,
	publisher={American Chemical Society},
	title={De Novo Sequencing of Antibody Light Chain Proteoforms from Patients with Multiple Myeloma},
	volume=93,
	author={Dupré, Mathieu and Duchateau, Magalie and Sternke-Hoffmann, Rebecca and Boquoi, Amelie and Malosse, Christian and Fenk, Roland and Haas, Rainer and Buell, Alexander K. and Rey, Martial and Chamot-Rooke, Julia},
	pages={10627--10634},
	date={2021-08-03},
	year=2021,
	month=8,
	day=3,
}
@article{Wang2019Top-down,
	journal={Scientific reports},
	doi={10.1038/s41598-018-38380-y},
	isbn=4159801838,
	issn={2045-2322},
	number=1,
	pmid=30787393,
	title={Top-down Mass Spectrometry Analysis of Human Serum Autoantibody Antigen-Binding Fragments.},
	volume=9,
	author={Wang, Zhe and Liu, Xiaowen and Muther, Jennifer and James, Judith A. and Smith, Kenneth and Wu, Si},
	pages=2345,
	date={2019-12-20},
	year=2019,
	month=12,
	day=20,
}
@article{Melani2022Next-Generation,
	journal={Journal of Proteome Research},
	doi={10.1021/acs.jproteome.1c00882},
	issn=15353907,
	number=1,
	pmid=34268518,
	publisher={American Chemical Society},
	title={Next-Generation Serology by Mass Spectrometry: Readout of the SARS-CoV-2 Antibody Repertoire},
	volume=21,
	author={Melani, Rafael D. and Des Soye, Benjamin J. and Kafader, Jared O. and Forte, Eleonora and Hollas, Michael and Blagojevic, Voislav and Negrão, Fernanda and McGee, John P. and Drown, Bryon and Lloyd-Jones, Cameron and Seckler, Henrique S. and Camarillo, Jeannie M. and Compton, Philip D. and LeDuc, Richard D. and Early, Bryan and Fellers, Ryan T. and Cho, Byoung Kyu and Mattamana, Basil Baby and Goo, Young Ah and Thomas, Paul M. and Ash, Michelle K. and Bhimalli, Pavan P. and Al-Harthi, Lena and Sha, Beverly E. and Schneider, Jeffrey R. and Kelleher, Neil L.},
	pages={274--288},
	date={2022-01-07},
	year=2022,
	month=1,
	day=7,
}
@article{Kafader2020Multiplexed,
	journal={Nature methods},
	doi={10.1038/s41592-020-0764-5},
	issn={1548-7105},
	number=4,
	pmid=32123391,
	publisher={Nat Methods},
	title={Multiplexed mass spectrometry of individual ions improves measurement of proteoforms and their complexes.},
	volume=17,
	author={Kafader, Jared O. and Melani, Rafael D. and Durbin, Kenneth R. and Ikwuagwu, Bon and Early, Bryan P. and Fellers, Ryan T. and Beu, Steven C. and Zabrouskov, Vlad and Makarov, Alexander A. and Maze, Joshua T. and Shinholt, Deven L. and Yip, Ping F. and Tullman-Ercek, Danielle and Senko, Michael W. and Compton, Philip D. and Kelleher, Neil L.},
	pages={391--394},
	date={2020-04-01},
	year=2020,
	month=4,
	day=1,
}
@article{Kitaura2017Different,
	journal={Frontiers in immunology},
	doi={10.3389/fimmu.2017.00389},
	issn={1664-3224},
	number={May},
	pmid=28515723,
	publisher={Frontiers Media S.A.},
	title={Different Somatic Hypermutation Levels among Antibody Subclasses Disclosed by a New Next-Generation Sequencing-Based Antibody Repertoire Analysis.},
	volume=8,
	author={Kitaura, Kazutaka and Yamashita, Hiroshi and Ayabe, Hitomi and Shini, Tadasu and Matsutani, Takaji and Suzuki, Ryuji},
	pages=389,
	date={2017-05-03},
	year=2017,
	month=5,
	day=3,
}
@article{Bondt2021Direct,
	journal={Frontiers in Immunology},
	doi={10.3389/fimmu.2021.789748},
	issn={1664-3224},
	pmid=34938298,
	publisher={Frontiers},
	title={A Direct MS-Based Approach to Profile Human Milk Secretory Immunoglobulin A (IgA1) Reveals Donor-Specific Clonal Repertoires With High Longitudinal Stability},
	volume=12,
	author={Bondt, Albert and Dingess, Kelly A. and Hoek, Max and van Rijswijck, Danique M. H. and Heck, Albert J. R.},
	pages=5190,
	date={2021-12-06},
	year=2021,
	month=12,
	day=6,
}
@article{Haan2020Monitoring,
	journal={Glycobiology},
	doi={10.1093/glycob/cwz048},
	issn={1460-2423},
	number=4,
	pmid=31281930,
	publisher={Glycobiology},
	title={Monitoring of immunoglobulin N- and O-glycosylation in health and disease},
	volume=30,
	author={de Haan, Noortje and Falck, David and Wuhrer, Manfred},
	pages={226--240},
	date={2020-03-20},
	year=2020,
	month=3,
	day=20,
}
@article{Yan2018Structure,
	journal={mAbs},
	doi={10.1080/19420862.2018.1478646},
	issn={1942-0862},
	number=6,
	pmid=29958069,
	publisher={MAbs},
	title={Structure Based Prediction of Asparagine Deamidation Propensity in Monoclonal Antibodies},
	volume=10,
	author={Yan, Qingrong and Huang, Maggie and Lewis, Michael J. and Hu, Ping},
	pages={901--912},
	date={2018-08-18},
	year=2018,
	month=8,
	day=18,
}
@article{Beyer2018Microheterogeneity,
	journal={Biotechnology Journal},
	doi={10.1002/biot.201700476},
	issn=18606768,
	number=1,
	pmid=28862393,
	publisher={Biotechnol J},
	title={Microheterogeneity of Recombinant Antibodies: Analytics and Functional Impact},
	volume=13,
	author={Beyer, Beate and Schuster, Manfred and Jungbauer, Alois and Lingg, Nico},
	pages=1700476,
	date={2018-01-01},
	year=2018,
	month=1,
	day=1,
}
@incollection{Aristotle1908Metaphysics,
	series={Aristotle's Metaphysics},
	booktitle={Metaphysics},
	publisher={Clarendon Press},
	address={Oxford (UK)},
	title={Metaphysics},
	volume={VIII},
	author={Aristotle},
	editor={Ross, W. D.},
	pages={1045a.8–10},
	date=1908,
	year=1908,
}



@article{He2018protein,
  author    = {He, Lidong and Weisbrod, Chad R and Marshall, Alan G},
  doi       = {10.1016/j.ijms.2017.11.012},
  issn      = {13873806},
  journal   = {International Journal of Mass Spectrometry},
  keywords  = {Antibody,CDR,Complementarity-determining region,FR,FT-ICR,FTMS,Fourier transform,Framework region,ICR,Ion cyclotron resonance,Mass accuracy,mAb},
  month     = {apr},
  pages     = {107--113},
  publisher = {Elsevier B.V.},
  title     = {{Protein de novo sequencing by top-down and middle-down MS/MS: Limitations imposed by mass measurement accuracy and gaps in sequence coverage}},
  url       = {https://doi.org/10.1016/j.ijms.2017.11.012 https://linkinghub.elsevier.com/retrieve/pii/S1387380617302543},
  volume    = {427},
  year      = {2018}
}




@article{Roepstorff1984Proposal,
  author    = {Roepstorff, P. and Fohlman, J.},
  doi       = {10.1002/BMS.1200111109},
  issn      = {0306-042X},
  journal   = {Biomedical mass spectrometry},
  keywords  = {J Fohlman,Letter,MEDLINE,Mass Spectrometry,NCBI,NIH,NLM,National Center for Biotechnology Information,National Institutes of Health,National Library of Medicine,P Roepstorff,Peptides / analysis*,PubMed Abstract,Terminology as Topic,doi:10.1002/bms.1200111109,pmid:6525415},
  number    = {11},
  pages     = {601--601},
  pmid      = {6525415},
  publisher = {Biomed Mass Spectrom},
  title     = {{Proposal for a common nomenclature for sequence ions in mass spectra of peptides}},
  url       = {https://pubmed.ncbi.nlm.nih.gov/6525415/},
  volume    = {11},
  year      = {1984}
}

@article{Shaw2020direct,
  abstract  = {One challenge associated with the discovery and development of monoclonal antibody (mAb) therapeutics is the determination of heavy chain and light chain pairing. Advances in MS instrumentation and...},
  author    = {Shaw, Jared B. and Liu, Weijing and Vasil′ev, Yury V. and Bracken, Carter C. and Malhan, Neha and Guthals, Adrian and Beckman, Joseph S. and Voinov, Valery G.},
  doi       = {10.1021/acs.analchem.9b03129},
  file      = {:C$\backslash$:/Users/3765563/AppData/Local/Mendeley Ltd./Mendeley Desktop/Downloaded/Shaw et al. - 2020 - Direct Determination of Antibody Chain Pairing by Top-down and Middle-down Mass Spectrometry Using Electron Capt(2).pdf:pdf},
  issn      = {0003-2700},
  journal   = {Analytical Chemistry},
  month     = {jan},
  number    = {1},
  pages     = {766--773},
  publisher = {American Chemical Society},
  title     = {{Direct Determination of Antibody Chain Pairing by Top-down and Middle-down Mass Spectrometry Using Electron Capture Dissociation and Ultraviolet Photodissociation}},
  url       = {https://pubs.acs.org/doi/10.1021/acs.analchem.9b03129},
  volume    = {92},
  year      = {2020}
}



@article{Shaw2018sequencing,
  author    = {Shaw, Jared B and Malhan, Neha and Vasil'Ev, Yury V and Lopez, Nathan I and Makarov, Alexander and Beckman, Joseph S and Voinov, Valery G},
  doi       = {10.1021/ACS.ANALCHEM.8B01901},
  issn      = {1520-6882},
  journal   = {Analytical chemistry},
  month     = {sep},
  number    = {18},
  pages     = {10819--10827},
  publisher = {Anal Chem},
  title     = {{Sequencing Grade Tandem Mass Spectrometry for Top-Down Proteomics Using Hybrid Electron Capture Dissociation Methods in a Benchtop Orbitrap Mass Spectrometer}},
  url       = {https://pubmed.ncbi.nlm.nih.gov/30118589/},
  volume    = {90},
  year      = {2018}
}


@misc{Georgiou2014promise,
  abstract  = {Efforts to determine the antibody repertoire encoded by B cells in the blood or lymphoid organs using high-throughput DNA sequencing technologies have been advancing at an extremely rapid pace and are transforming our understanding of humoral immune responses. Information gained from high-throughput DNA sequencing of immunoglobulin genes (Ig-seq) can be applied to detect B-cell malignancies with high sensitivity, to discover antibodies specific for antigens of interest, to guide vaccine development and to understand autoimmunity. Rapid progress in the development of experimental protocols and informatics analysis tools is helping to reduce sequencing artifacts, to achieve more precise quantification of clonal diversity and to extract the most pertinent biological information. That said, broader application of Ig-seq, especially in clinical settings, will require the development of a standardized experimental design framework that will enable the sharing and meta-analysis of sequencing data generated by different laboratories. {\textcopyright} 2014 Nature America, Inc. All rights reserved.},
  author    = {Georgiou, George and Ippolito, Gregory C. and Beausang, John and Busse, Christian E. and Wardemann, Hedda and Quake, Stephen R.},
  booktitle = {Nature Biotechnology},
  doi       = {10.1038/nbt.2782},
  file      = {:C$\backslash$:/Users/3765563/AppData/Local/Mendeley Ltd./Mendeley Desktop/Downloaded/Georgiou et al. - 2014 - The promise and challenge of high-throughput sequencing of the antibody repertoire(2).pdf:pdf},
  issn      = {10870156},
  keywords  = {Antibody isolation and purification,Applied immunology,B cells,Immunogenetics},
  month     = {feb},
  number    = {2},
  pages     = {158--168},
  pmid      = {24441474},
  publisher = {Nature Publishing Group},
  title     = {{The promise and challenge of high-throughput sequencing of the antibody repertoire}},
  url       = {https://www.nature.com/articles/nbt.2782},
  volume    = {32},
  year      = {2014}
}


