@article{Schilling2003MS2Assign,,
	journal={Journal of the American Society for Mass Spectrometry},
	doi={10.1016/S1044-0305(03)00327-1},
	issn={1879-1123},
	number=8,
	note={Young MM 2003 XL names MS2Assign automated assignment and nomenclature of tandem mass spectra of chemically crosslinked peptides},
	title={MS2Assign, automated assignment and nomenclature of tandem mass spectra of chemically crosslinked peptides},
	volume=14,
	author={Schilling, Birgit and Row, Richard H and Gibson, Bradford W and Guo, Xin and Young, Malin M},
	pages={834--850},
	date=2003,
	year=2003,
}
@article{Fagerlund2017Spacer,
	journal={Proceedings of the National Academy of Sciences},
	doi={10.1073/pnas.1618421114},
	isbn=1215421109,
	issn={0027-8424},
	number=26,
	pmid=28611213,
	title={Spacer capture and integration by a type I-F Cas1–Cas2-3 CRISPR adaptation complex},
	volume=114,
	author={Fagerlund, Robert D. and Wilkinson, Max E. and Klykov, Oleg and Barendregt, Arjan and Pearce, F. Grant and Kieper, Sebastian N. and Maxwell, Howard W. R. and Capolupo, Angela and Heck, Albert J. R. and Krause, Kurt L. and Bostina, Mihnea and Scheltema, Richard A. and Staals, Raymond H. J. and Fineran, Peter C.},
	pages={5122--5128},
	date=2017,
	year=2017,
}
@article{Benda2014Structural,
	journal={Molecular Cell},
	doi={10.1016/j.molcel.2014.09.002},
	issn=10972765,
	number=1,
	title={Structural Model of a CRISPR RNA-Silencing Complex Reveals the RNA-Target Cleavage Activity in Cmr4},
	volume=56,
	author={Benda, Christian and Ebert, Judith and Scheltema, Richard A. and Schiller, Herbert B. and Baumgärtner, Marc and Bonneau, Fabien and Mann, Matthias and Conti, Elena},
	pages={43--54},
	date=2014,
	year=2014,
}
@article{Joachimiak2014structural,
	journal={Cell},
	doi={10.1016/j.cell.2014.10.042},
	issn={1097-4172 (Electronic)${\textbackslash}$r0092-8674 (Linking)},
	number=5,
	title={The structural basis of substrate recognition by the eukaryotic chaperonin TRiC/CCT},
	volume=159,
	author={Joachimiak, Lukasz A and Walzthoeni, Thomas and Liu, Corey W and Aebersold, Ruedi and Frydman, Judith},
	pages={1042--1055},
	date=2014,
	year=2014,
}
@article{Herzog2012Structural,
	journal={Science},
	doi={10.1126/science.1221483},
	issn={1095-9203 (Electronic)${\textbackslash}$r0036-8075 (Linking)},
	number=6100,
	note={From Duplicate 1 (Structural Probing of a Protein Phosphatase 2A Network by Chemical Cross-Linking and Mass Spectrometry - Herzog, F.; Kahraman, a.; Boehringer, D.; Mak, R.; Bracher, a.; Walzthoeni, T.; Leitner, a.; Beck, M.; Hartl, F.-U.; Ban, N.; Malmstrom, L.; Aebersold, R.)

AP-XL-MS

From Duplicate 2 (Structural Probing of a Protein Phosphatase 2A Network by Chemical Cross-Linking and Mass Spectrometry - Herzog, F.; Kahraman, A.; Boehringer, D.; Mak, R.; Bracher, A.; Walzthoeni, T.; Leitner, A.; Beck, M.; Hartl, F.-U.; Ban, N.; Malmstrom, L.; Aebersold, R.)

Supplemental to Crosslinking on the beads

ROSETTA here for modelling},
	title={Structural Probing of a Protein Phosphatase 2A Network by Chemical Cross-Linking and Mass Spectrometry},
	volume=337,
	author={Herzog, F and Kahraman, A and Boehringer, D and Mak, R and Bracher, A and Walzthoeni, T and Leitner, A and Beck, M and Hartl, F.-U. and Ban, N and Malmstrom, L and Aebersold, R},
	pages={1348--1352},
	date=2012,
	year=2012,
}
@article{Chen2010Architecture,
	journal={The EMBO journal},
	doi={10.1038/emboj.2009.401},
	issn={0261-4189},
	number=4,
	note={TFIF docking to RNA polymerase complex
SCX},
	publisher={Nature Publishing Group},
	title={Architecture of the RNA polymerase II-TFIIF complex revealed by cross-linking and mass spectrometry.},
	volume=29,
	author={Chen, Zhuo Angel and Jawhari, Anass and Fischer, Lutz and Buchen, Claudia and Tahir, Salman and Kamenski, Tomislav and Rasmussen, Morten and Lariviere, Laurent and Bukowski-Wills, Jimi-Carlo and Nilges, Michael and Cramer, Patrick and Rappsilber, Juri},
	pages={717--726},
	date=2010,
	year=2010,
}
@article{Armony2016Cross-linking,
	journal={Proceedings of the National Academy of Sciences},
	doi={10.1073/pnas.1608424113},
	number=47,
	note={Gad Armony
laminin XL

SDH and BS3},
	title={Cross-linking reveals laminin coiled-coil architecture},
	volume=113,
	author={Armony, Gad and Jacob, Etai and Moran, Toot and Levin, Yishai and Mehlman, Tevie and Levy, Yaakov and Fass, Deborah},
	pages=201608424,
	date=2016,
	year=2016,
}
@article{Hosp2015Double-Barrel,
	journal={Molecular & Cellular Proteomics},
	doi={10.1074/},
	number=7,
	title={A Double-Barrel Liquid Chromatography- Tandem Mass Spectrometry (LC-MS/MS) System to Quantify 96 Interactomes per Day},
	volume=14,
	author={Hosp, Fabian and Scheltema, Richard A. and Eberl, H. Christian and Kulak, Nils A. and Keilhauer, Eva C. and Mayr, Korbinian and Mann, Matthias},
	pages={2030--2041},
	date=2015,
	year=2015,
}
@article{Kao2011Development,
	journal={Molecular & Cellular Proteomics},
	doi={10.1074/mcp.M110.002212},
	number=1,
	note={From Duplicate 1 (Development of a Novel Cross-linking Strategy for Fast and Accurate Identification of Cross-linked Peptides of Protein Complexes - Kao, Athit; Chiu, Chi-li; Vellucci, Danielle; Yang, Yingying; Patel, Vishal R; Guan, Shenheng; Randall, Arlo; Baldi, Pierre; Rychnovsky, Scott D; Huang, Lan)

10.1074/mcp.M110.002212},
	title={Development of a Novel Cross-linking Strategy for Fast and Accurate Identification of Cross-linked Peptides of Protein Complexes},
	volume=10,
	author={Kao, Athit and Chiu, C.-l. Chi-li and Vellucci, Danielle and Yang, Yingying and Patel, Vishal R and Guan, Shenheng and Randall, Arlo and Baldi, Pierre and Rychnovsky, Scott D and Huang, Lan},
	pages={M110.002212---M110.002212},
	date={2011-01},
	year=2011,
	month=1,
}
@article{Liu2015Proteome-wide,
	journal={Nat Meth},
	issn={1548-7091},
	number=12,
	publisher={Nature Publishing Group, a division of Macmillan Publishers Limited. All Rights Reserved.},
	title={Proteome-wide profiling of protein assemblies by cross-linking mass spectrometry},
	volume=12,
	author={Liu, Fan and Rijkers, Dirk T S and Post, Harm and Heck, Albert J R},
	pages={1179--1184},
	date={2015-12},
	year=2015,
	month=12,
}
@article{Liu2017Optimized,
	journal={Nature Communications},
	doi={10.1038/ncomms15473},
	issn=20411723,
	number={May},
	pmid=28524877,
	title={Optimized fragmentation schemes and data analysis strategies for proteome-wide cross-link identification},
	volume=8,
	author={Liu, Fan and Lössl, Philip and Scheltema, Richard and Viner, Rosa and Heck, Albert J R},
	date=2017,
	year=2017,
}
@article{Schweppe2017Mitochondrial,
	journal={Proceedings of the National Academy of Sciences of the United States of America},
	doi={10.1073/pnas.1617220114},
	number=7,
	title={Mitochondrial protein interactome elucidated by chemical cross-linking mass spectrometry.},
	volume=114,
	author={Schweppe, Devin K and Chavez, Juan D and Lee, Chi Fung and Caudal, Arianne and Kruse, Shane E and Stuppard, Rudy and Marcinek, David J and Shadel, Gerald S and Tian, Rong and Bruce, James E},
	pages={1732--1737},
	date=2017,
	year=2017,
}
@article{Belsom2017Complementary,
	journal={Analytical Chemistry},
	doi={10.1021/acs.analchem.6b04938},
	number=10,
	note={Rappsilber 2017 Complementary Benzophenone Cross-Linking Mass Spectrometry Photochemistry

Potential for de novo modelling
High-density crosslinking},
	title={Complementary Benzophenone Cross-Linking/Mass Spectrometry Photochemistry},
	volume=89,
	author={Belsom, Adam and Mudd, Gemma and Giese, Sven and Auer, Manfred and Rappsilber, Juri},
	pages={5319--5324},
	date=2017,
	year=2017,
}
@article{Shannon2003Cytoscape:,
	journal={Genome research},
	doi={10.1101/gr.1239303},
	isbn={1088-9051 (Print) 1088-9051 (Linking)},
	issn={1088-9051},
	number=11,
	pmid=14597658,
	title={Cytoscape: a software environment for integrated models of biomolecular interaction networks.},
	volume=13,
	author={Shannon, Paul and Markiel, Andrew and Ozier, Owen and Baliga, Nitin S and Wang, Jonathan T and Ramage, Daniel and Amin, Nada and Schwikowski, Benno and Ideker, Trey},
	pages={2498--504},
	date={2003-11},
	year=2003,
	month=11,
}
@article{Cline2007Integration,
	journal={Nature protocols},
	doi={10.1038/nprot.2007.324.Integration},
	issn={1754-2189},
	number=10,
	title={Integration of biological networks and gene expression data using Cytoscape},
	volume=2,
	author={Cline, S Melissa and Smoot, Michael and Cerami, Ethan and Kuchinsky, Allan and Landys, Nerius and Workman, Chris and Christmas, Rowan and Avila-campilo, Iliana and Creech, Michael and Gross, Benjamin and Hanspers, Kristina and Isserlin, Ruth and Kelley, Ryan and Killcoyne, Sarah and Lotia, Samad and Maere, Steven and Morris, John and Ono, Keiichiro and Pavlovic, Vuk and Pico, Alexander R and Vailaya, Aditya and Wang, Peng-Liang and Adler, Annette and Conklin, Bruce R and Hood, Leroy and Kuiper, Martin and Sander, Chris and Schmulevich, Ilya and Schwikowski, Benno and Warner, Guy J and Ideker, Trey and Bader, Gary D},
	pages={2366--2382},
	date=2007,
	year=2007,
}
@article{Bastian2009Gephi:,
	journal={Third International AAAI Conference on Weblogs and Social Media},
	doi={10.1136/qshc.2004.010033},
	isbn={978-1-57735-421-5},
	issn=14753898,
	pmid=1000044483,
	title={Gephi: An Open Source Software for Exploring and Manipulating Networks},
	author={Bastian, Mathieu and Heymann, Sebastien and Jacomy, Mathieu},
	pages={361--362},
	date=2009,
	year=2009,
}
@article{Agapito2013Visualization,
	journal={BMC Bioinformatics},
	doi={10.1186/1471-2105-14-S1-S1},
	issn=14712105,
	number={SUPPL.1},
	pmid=23368786,
	publisher={BioMed Central Ltd},
	title={Visualization of protein interaction networks: Problems and solutions},
	volume=14,
	author={Agapito, Giuseppe and Guzzi, Pietro H and Cannataro, Mario},
	pages={S1},
	date=2013,
	year=2013,
}
@article{Courcelles2017CLMSVault:,
	journal={Journal of Proteome Research},
	doi={10.1021/acs.jproteome.7b00205},
	number=7,
	note={Tyers 2017 CLMSVault A Software Suite for Protein Cross-Linking Mass-Spectrometry Data Analysis and Visualization

Just an integration of the xTract to the CLMS vault},
	title={CLMSVault: A Software Suite for Protein Cross-Linking Mass-Spectrometry Data Analysis and Visualization},
	volume=16,
	author={Courcelles, Mathieu and Coulombe-Huntington, Jasmin and Cossette, Émilie and Gingras, Anne Claude and Thibault, Pierre and Tyers, Mike},
	pages={2645--2652},
	date=2017,
	year=2017,
}
@article{Heymann2008MSX-3D:,
	journal={Bioinformatics},
	doi={10.1093/bioinformatics/btn510},
	isbn={1367-4811 (Electronic){\textbackslash}r1367-4803 (Linking)},
	issn=13674803,
	number=23,
	pmid=18826958,
	title={MSX-3D: A tool to validate 3D protein models using mass spectrometry},
	volume=24,
	author={Heymann, Michaël and Paramelle, David and Subra, Gilles and Forest, Eric and Martinez, Jean and Geourjon, Christophe and Deléage, Gilbert},
	pages={2782--2783},
	date=2008,
	year=2008,
}
@article{Kahraman2011Xwalk:,
	journal={Bioinformatics},
	doi={10.1093/bioinformatics/btr348},
	isbn={1367-4811 (Electronic){\textbackslash}r1367-4803 (Linking)},
	issn=13674803,
	number=15,
	pmid=21666267,
	title={Xwalk: Computing and visualizing distances in cross-linking experiments},
	volume=27,
	author={Kahraman, Abdullah and Malmström, Lars and Aebersold, Ruedi},
	pages={2163--2164},
	date=2011,
	year=2011,
}
@article{Kosinski2015Xlink,
	journal={Journal of Structural Biology},
	doi={10.1016/j.jsb.2015.01.014},
	isbn={1095-8657 (Electronic){\textbackslash}r1047-8477 (Linking)},
	issn=10958657,
	number=3,
	pmid=25661704,
	title={Xlink analyzer: Software for analysis and visualization of cross-linking data in the context of three-dimensional structures},
	volume=189,
	author={Kosinski, Jan and von Appen, Alexander and Ori, Alessandro and Karius, Kai and Müller, Christoph W and Beck, Martin},
	pages={177--183},
	date=2015,
	year=2015,
}
@article{Lima2015SIM-XL:,
	journal={Journal of Proteomics},
	doi={10.1016/j.jprot.2015.01.013},
	isbn={1874-3919},
	issn=18767737,
	pmid=25638023,
	publisher={Elsevier B.V.},
	title={SIM-XL: A powerful and user-friendly tool for peptide cross-linking analysis},
	volume=129,
	author={Lima, Diogo B. and de Lima, Tatiani B. and Balbuena, Tiago S. and Neves-Ferreira, Ana Gisele C. and Barbosa, Valmir C. and Gozzo, Fábio C. and Carvalho, Paulo C. and Gisele, Ana and Neves-Ferreira, C and Barbosa, Valmir C. and Gozzo, Fábio C. and Carvalho, Paulo C.},
	pages={51--55},
	date=2015,
	year=2015,
}
@article{Riffle2016ProXL,
	journal={Journal of proteome research},
	doi={10.1021/acs.jproteome.6b00274},
	note={Davis 2016 ProXL (Protein Cross-linking Database) a platform for analysis, visualization, and sharing of protein cross-linking mass spectrometry data},
	title={ProXL (Protein Cross-linking Database): a platform for analysis, visualization, and sharing of protein cross-linking mass spectrometry data.},
	author={Riffle, Michael and Jaschob, Daniel and Zelter, Alex and Davis, Trisha N},
	date=2016,
	year=2016,
}
@article{Schweppe2015XLmap:,
	journal={Bioinformatics},
	doi={10.1093/bioinformatics/btv519},
	isbn={1367-4811 (Electronic) 1367-4803 (Linking)},
	issn=14602059,
	number=2,
	pmid=26411867,
	title={XLmap: An R package to visualize and score protein structure models based on sites of protein cross-linking},
	volume=32,
	author={Schweppe, Devin K and Chavez, Juan D and Bruce, James E},
	pages={306--308},
	date=2015,
	year=2015,
}
@article{Schweppe2016XLinkDB,
	journal={Bioinformatics},
	doi={10.1093/bioinformatics/btw232},
	number=17,
	note={From Duplicate 1 (XLinkDB 2.0: Integrated, large-scale structural analysis of protein crosslinking data - Schweppe, Devin K.; Zheng, Chunxiang; Chavez, Juan D.; Navare, Arti T.; Wu, Xia; Eng, Jimmy K.; Bruce, James E.)

Bruce 2016 XLinkDB 20 integrated, large-scale structural analysis of protein crosslinking data

From Duplicate 2 (Bruce 2016 XLinkDB 20 integrated, large-scale structural analysis of protein crosslinking data Supp - )

Bruce 2016 XLinkDB 20 integrated, large-scale structural analysis of protein crosslinking data Supp},
	title={XLinkDB 2.0: Integrated, large-scale structural analysis of protein crosslinking data},
	volume=32,
	author={Schweppe, Devin K and Zheng, Chunxiang and Chavez, Juan D and Navare, Arti T and Wu, Xia and Eng, Jimmy K and Bruce, James E},
	pages={2716--2718},
	date=2016,
	year=2016,
}
@article{Solis-Mezarino2017CompleXView:,
	journal={Nucleic Acids Research},
	doi={10.1093/nar/gkx411},
	issn=13624962,
	number={W1},
	pmid=28498958,
	title={CompleXView: A server for the interpretation of protein abundance and connectivity information to identify protein complexes},
	volume=45,
	author={Solis-Mezarino, Victor and Herzog, Franz},
	pages={W276--W284},
	date=2017,
	year=2017,
}
@article{Combe2015xiNET:,
	journal={Molecular & Cellular Proteomics},
	doi={10.1074/mcp.O114.042259},
	number=4,
	title={xiNET: cross-link network maps with residue resolution},
	volume=14,
	author={Combe, Colin W and Fischer, Lutz and Rappsilber, Juri},
	pages={1137--1147},
	date=2015,
	year=2015,
}
@article{Grimm2015xVis:,
	journal={Nucleic acids research},
	doi={10.1093/nar/gkv463},
	number={May},
	title={xVis: a web server for the schematic visualization and interpretation of crosslink-derived spatial restraints.},
	volume=43,
	author={Grimm, Maximilian and Zimniak, Tomasz and Kahraman, Abdullah and Herzog, Franz},
	pages={W362---W369},
	date=2015,
	year=2015,
}
@article{Morimoto2013Small-angle,
	journal={Biochemical and Biophysical Research Communications},
	doi={10.1016/j.bbrc.2012.12.091},
	issn={0006291X},
	number=1,
	pmid=23291239,
	title={Small-angle X-ray scattering constraints and local geometry like secondary structures can construct a coarse-grained protein model at amino acid residue resolution},
	volume=431,
	author={Morimoto, Yasumasa and Nakagawa, Takashi and Kojima, Masaki},
	pages={65--69},
	date=2013,
	year=2013,
}
@article{Bateman2017UniProt:,
	journal={Nucleic Acids Research},
	doi={10.1093/nar/gkw1099},
	isbn={13624962 (Electronic)},
	issn=13624962,
	pmid=27899622,
	title={UniProt: The universal protein knowledgebase},
	volume=45,
	author={Bateman, Alex and Martin, Maria Jesus and O'Donovan, Claire and Magrane, Michele and Alpi, Emanuele and Antunes, Ricardo and Bely, Benoit and Bingley, Mark and Bonilla, Carlos and Britto, Ramona and Bursteinas, Borisas and Bye-AJee, Hema and Cowley, Andrew and Da Silva, Alan and De Giorgi, Maurizio and Dogan, Tunca and Fazzini, Francesco and Castro, Leyla Garcia and Figueira, Luis and Garmiri, Penelope and Georghiou, George and Gonzalez, Daniel and Hatton-Ellis, Emma and Li, Weizhong and Liu, Wudong and Lopez, Rodrigo and Luo, Jie and Lussi, Yvonne and MacDougall, Alistair and Nightingale, Andrew and Palka, Barbara and Pichler, Klemens and Poggioli, Diego and Pundir, Sangya and Pureza, Luis and Qi, Guoying and Rosanoff, Steven and Saidi, Rabie and Sawford, Tony and Shypitsyna, Aleksandra and Speretta, Elena and Turner, Edward and Tyagi, Nidhi and Volynkin, Vladimir and Wardell, Tony and Warner, Kate and Watkins, Xavier and Zaru, Rossana and Zellner, Hermann and Xenarios, Ioannis and Bougueleret, Lydie and Bridge, Alan and Poux, Sylvain and Redaschi, Nicole and Aimo, Lucila and ArgoudPuy, Ghislaine and Auchincloss, Andrea and Axelsen, Kristian and Bansal, Parit and Baratin, Delphine and Blatter, Marie Claude and Boeckmann, Brigitte and Bolleman, Jerven and Boutet, Emmanuel and Breuza, Lionel and Casal-Casas, Cristina and De Castro, Edouard and Coudert, Elisabeth and Cuche, Beatrice and Doche, Mikael and Dornevil, Dolnide and Duvaud, Severine and Estreicher, Anne and Famiglietti, Livia and Feuermann, Marc and Gasteiger, Elisabeth and Gehant, Sebastien and Gerritsen, Vivienne and Gos, Arnaud and Gruaz-Gumowski, Nadine and Hinz, Ursula and Hulo, Chantal and Jungo, Florence and Keller, Guillaume and Lara, Vicente and Lemercier, Philippe and Lieberherr, Damien and Lombardot, Thierry and Martin, Xavier and Masson, Patrick and Morgat, Anne and Neto, Teresa and Nouspikel, Nevila and Paesano, Salvo and Pedruzzi, Ivo and Pilbout, Sandrine and Pozzato, Monica and Pruess, Manuela and Rivoire, Catherine and Roechert, Bernd and Schneider, Michel and Sigrist, Christian and Sonesson, Karin and Staehli, Sylvie and Stutz, Andre and Sundaram, Shyamala and Tognolli, Michael and Verbregue, Laure and Veuthey, Anne Lise and Wu, Cathy H. and Arighi, Cecilia N. and Arminski, Leslie and Chen, Chuming and Chen, Yongxing and Garavelli, John S. and Huang, Hongzhan and Laiho, Kati and McGarvey, Peter and Natale, Darren A. and Ross, Karen and Vinayaka, C. R. and Wang, Qinghua and Wang, Yuqi and Yeh, Lai Su and Zhang, Jian},
	pages={D158--D169},
	date=2017,
	year=2017,
}
@article{Zundert2016DisVis,
	journal={Journal of Molecular Biology},
	doi={10.1016/j.jmb.2016.11.032},
	issn=00222836,
	number=3,
	pmid=27939290,
	publisher={The Authors},
	title={The DisVis and PowerFit Web Servers: Explorative and Integrative Modeling of Biomolecular Complexes},
	volume=429,
	author={van Zundert, G.C.P. and Trellet, M. and Schaarschmidt, J. and Kurkcuoglu, Z. and David, M. and Verlato, M. and Rosato, A. and Bonvin, A.M.J.J.},
	pages={399--407},
	date=2016,
	year=2016,
}
@article{Zundert2015DisVis:,
	journal={Bioinformatics},
	doi={10.1093/bioinformatics/btv333},
	issn=14602059,
	number=19,
	pmid=26026169,
	title={DisVis: Quantifying and visualizing accessible interaction space of distance-restrained biomolecular complexes},
	volume=31,
	author={van Zundert, G. C.P. and Bonvin, A. M.J.J.},
	pages={3222--3224},
	date=2015,
	year=2015,
}
@article{Klykov2018Efficient,
	journal={Nature Protocols},
	doi={10.1038/s41596-018-0074-x},
	issn={1754-2189},
	number=12,
	pmid=30446747,
	title={Efficient and robust proteome-wide approaches for cross-linking mass spectrometry},
	volume=13,
	author={Klykov, Oleg and Steigenberger, Barbara and Pektaş, Sibel and Fasci, Domenico and Heck, Albert J. R. and Scheltema, Richard A.},
	pages={2964--2990},
	date={2018-12},
	year=2018,
	month=12,
}
@article{Hennrich2011Improving,
	journal={Analytical Chemistry},
	doi={10.1021/ac2015068},
	isbn={0003-2700},
	issn=00032700,
	number=18,
	pmid=21815630,
	title={Improving depth in phosphoproteomics by using a strong cation exchange-weak anion exchange-reversed phase multidimensional separation approach},
	volume=83,
	author={Hennrich, Marco L. and Groenewold, Vincent and Kops, Geert J P L and Heck, Albert J R and Mohammed, Shabaz},
	pages={7137--7143},
	date=2011,
	year=2011,
}
@article{Vizcaíno2014ProteomeXchange,
	journal={Nature Biotechnology},
	doi={10.1038/nbt.2839},
	isbn={1546-1696 (Electronic){\textbackslash}r1087-0156 (Linking)},
	issn=15461696,
	number=3,
	pmid=24727771,
	title={ProteomeXchange provides globally coordinated proteomics data submission and dissemination},
	volume=32,
	author={Vizcaíno, Juan A and Deutsch, Eric W and Wang, Rui and Csordas, Attila and Reisinger, Florian and Ríos, Daniel and Dianes, José A and Sun, Zhi and Farrah, Terry and Bandeira, Nuno and Binz, Pierre Alain and Xenarios, Ioannis and Eisenacher, Martin and Mayer, Gerhard and Gatto, Laurent and Campos, Alex and Chalkley, Robert J and Kraus, Hans Joachim and Albar, Juan Pablo and Martinez-Bartolomé, Salvador and Apweiler, Rolf and Omenn, Gilbert S and Martens, Lennart and Jones, Andrew R and Hermjakob, Henning},
	pages={223--226},
	date={2014-03},
	year=2014,
	month=3,
}
@article{Levenstein1966Binary,
	journal={Cybernetics and Control Theory},
	number=8,
	title={Binary codes capable of correcting deletions, insertions, and reversals},
	volume=10,
	author={Levenstein, V. I.},
	pages={707--710},
	date=1966,
	year=1966,
}
@article{Noack2007Energy,
	journal={Journal of Graph Algorithms and Applications},
	number=2,
	title={Energy Models for Graph Clustering},
	volume=11,
	author={Noack, Andreas},
	pages={453--480},
	date=2007,
	year=2007,
}
@article{Pajntar1900Overview,
	journal={Knowledge Creation Diffusion Utilization},
	title={Overview of Algorithms for Graph Drawing},
	author={Pajntar, Boštjan},
	pages={3--6},
	date=1900,
	year=1900,
}
@article{Huerta-Cepas2016EGGNOG,
	journal={Nucleic Acids Research},
	doi={10.1093/nar/gkv1248},
	isbn={13624962 (Electronic)},
	issn=13624962,
	pmid=26582926,
	title={EGGNOG 4.5: A hierarchical orthology framework with improved functional annotations for eukaryotic, prokaryotic and viral sequences},
	volume=44,
	author={Huerta-Cepas, Jaime and Szklarczyk, Damian and Forslund, Kristoffer and Cook, Helen and Heller, Davide and Walter, Mathias C and Rattei, Thomas and Mende, Daniel R and Sunagawa, Shinichi and Kuhn, Michael and Jensen, Lars Juhl and Von Mering, Christian and Bork, Peer},
	pages={D286--D293},
	date=2016,
	year=2016,
}
@article{Rivals2007Enrichment,
	journal={Bioinformatics},
	doi={10.1093/bioinformatics/btl633},
	isbn={1367-4811 (Electronic){\textbackslash}r1367-4803 (Linking)},
	issn=13674803,
	number=4,
	pmid=17182697,
	title={Enrichment or depletion of a GO category within a class of genes: Which test?},
	volume=23,
	author={Rivals, Isabelle and Personnaz, Léon and Taing, Lieng and Potier, Marie Claude},
	pages={401--407},
	date=2007,
	year=2007,
}
@article{Pettersen2004UCSF,
	journal={Journal of Computational Chemistry},
	doi={10.1002/jcc.20084},
	isbn={0192-8651 (Print){\textbackslash}n0192-8651 (Linking)},
	issn=01928651,
	number=13,
	pmid=15264254,
	title={UCSF Chimera - A visualization system for exploratory research and analysis},
	volume=25,
	author={Pettersen, Eric F. and Goddard, Thomas D. and Huang, Conrad C. and Couch, Gregory S. and Greenblatt, Daniel M. and Meng, Elaine C. and Ferrin, Thomas E.},
	pages={1605--1612},
	date=2004,
	year=2004,
}
@article{Henikoff1992Amino,
	journal={Proceedings of the National Academy of Sciences},
	doi={10.1073/pnas.89.22.10915},
	isbn={0027-8424 (Print)},
	issn={0027-8424},
	number=22,
	pmid=1438297,
	title={Amino acid substitution matrices from protein blocks.},
	volume=89,
	author={Henikoff, S. and Henikoff, Jorja G},
	pages={10915--10919},
	date=1992,
	year=1992,
}
@article{Dominguez2003HADDOCK:,
	journal={Journal of the American Chemical Society},
	doi={10.1021/ja026939x},
	isbn={0002-7863 (Print){\textbackslash}r0002-7863 (Linking)},
	issn=00027863,
	number=7,
	pmid=12580598,
	title={HADDOCK: A protein-protein docking approach based on biochemical or biophysical information},
	volume=125,
	author={Dominguez, Cyril and Boelens, Rolf and Bonvin, Alexandre M.J.J.},
	pages={1731--1737},
	date=2003,
	year=2003,
}
@article{Zundert2016HADDOCK2.2,
	journal={Journal of Molecular Biology},
	doi={10.1016/j.jmb.2015.09.014},
	isbn={1089-8638 (Electronic) 0022-2836 (Linking)},
	issn=10898638,
	number=4,
	pmid=26410586,
	publisher={The Authors},
	title={The HADDOCK2.2 Web Server: User-Friendly Integrative Modeling of Biomolecular Complexes},
	volume=428,
	author={van Zundert, G. C.P. and Rodrigues, J. P.G.L.M. and Trellet, M. and Schmitz, C. and Kastritis, P. L. and Karaca, E. and Melquiond, A. S.J. and Van Dijk, M. and De Vries, S. J. and Bonvin, A. M.J.J.},
	pages={720--725},
	date=2016,
	year=2016,
}
@article{Jain1900Data,
	doi={10.1016/j.patrec.2009.09.011},
	title={Data clustering: 50 years beyond K-means q},
	author={Jain, Anil K},
	date=1900,
	year=1900,
}
@article{Yang2014I-TASSER,
	journal={Nature Methods},
	doi={10.1038/nmeth.3213},
	isbn={1548-7091},
	issn={1548-7091},
	number=1,
	pmid=25549265,
	publisher={Nature Publishing Group},
	title={The I-TASSER Suite: protein structure and function prediction},
	volume=12,
	author={Yang, Jianyi and Yan, Renxiang and Roy, Ambrish and Xu, Dong and Poisson, Jonathan and Zhang, Yang},
	pages={7--8},
	date=2014,
	year=2014,
}
@article{Bienert2017SWISS-MODEL,
	journal={Nucleic Acids Research},
	doi={10.1093/nar/gkw1132},
	isbn={13624962 (Electronic)},
	issn=13624962,
	pmid=27899672,
	title={The SWISS-MODEL Repository-new features and functionality},
	volume=45,
	author={Bienert, Stefan and Waterhouse, Andrew and De Beer, Tjaart A.P. and Tauriello, Gerardo and Studer, Gabriel and Bordoli, Lorenza and Schwede, Torsten},
	pages={D313--D319},
	date=2017,
	year=2017,
}
@article{Akamine2003Dynamic,
	journal={Journal of Molecular Biology},
	doi={10.1016/S0022-2836(02)01446-8},
	isbn={0022-2836 (Print)},
	issn=00222836,
	number=1,
	pmid=12614615,
	title={Dynamic features of cAMP-dependent protein kinase revealed by apoenzyme crystal structure},
	volume=327,
	author={Akamine, Pearl and Madhusudan and Wu, Jian and Xuong, Nguyen Huu and Ten Eyck, Lynn F and Taylor, Susan S},
	pages={159--171},
	date=2003,
	year=2003,
}
@article{Szklarczyk2015STRING,
	journal={Nucleic Acids Research},
	doi={10.1093/nar/gku1003},
	isbn={13624962 (Electronic)},
	issn=13624962,
	number={D1},
	pmid=25352553,
	title={STRING v10: Protein-protein interaction networks, integrated over the tree of life},
	volume=43,
	author={Szklarczyk, Damian and Franceschini, Andrea and Wyder, Stefan and Forslund, Kristoffer and Heller, Davide and Huerta-Cepas, Jaime and Simonovic, Milan and Roth, Alexander and Santos, Alberto and Tsafou, Kalliopi P and Kuhn, Michael and Bork, Peer and Jensen, Lars J and Von Mering, Christian},
	pages={D447---D452},
	date=2015,
	year=2015,
}
@article{Ruepp2008CORUM:,
	journal={Nucleic Acids Research},
	doi={10.1093/nar/gkm936},
	isbn={1362-4962 (Electronic)${\textbackslash}$n0305-1048 (Linking)},
	issn=03051048,
	number={SUPPL. 1},
	pmid=17965090,
	title={CORUM: The comprehensive resource of mammalian protein complexes},
	volume=36,
	author={Ruepp, Andreas and Brauner, Barbara and Dunger-Kaltenbach, Irmtraud and Frishman, Goar and Montrone, Corinna and Stransky, Michael and Waegele, Brigitte and Schmidt, Thorsten and Doudieu, Octave Noubibou and Stümpflen, Volker and Mewes, H Werner},
	pages={646--650},
	date=2008,
	year=2008,
}
@article{Hoopmann2016Open,
	journal={Journal of The American Society for Mass Spectrometry},
	doi={10.1007/S13361-016-1435-8},
	issn=1336101614358,
	note={Moritz 2016 Another software An Open Data Format for Visualization and Analysis of Cross-Linked Mass Spectrometry Results},
	publisher={Journal of The American Society for Mass Spectrometry},
	title={An Open Data Format for Visualization and Analysis of Cross-Linked Mass Spectrometry Results},
	author={Hoopmann, Michael R and Mendoza, Luis and Deutsch, Eric W and Shteynberg, David and Moritz, Robert L},
	pages={1--7},
	date=2016,
	year=2016,
}
@article{Xiaojing Wang2018pepXMLTab:,
	doi={https://doi.org/doi:10.18129/B9.bioc.pepXMLTab},
	title={pepXMLTab: Parsing pepXML files and filter based on peptide FDR.},
	author={Xiaojing Wang},
	date=2018,
	year=2018,
}

