@article{Wolf2022Antibody,
  journal   = {Cells},
  doi       = {10.3390/CELLS11223662},
  issn      = {2073-4409},
  number    = 22,
  pmid      = 36429090,
  publisher = {Cells},
  title     = {Antibody Levels Poorly Reflect on the Frequency of Memory B Cells Generated following SARS-CoV-2, Seasonal Influenza, or EBV Infection},
  volume    = 11,
  author    = {Wolf, Carla and Köppert, Sebastian and Becza, Noémi and Kuerten, Stefanie and Kirchenbaum, Greg A. and Lehmann, V. Paul},
  date      = {2022-11-01},
  year      = 2022,
  month     = 11,
  day       = 1
}
@article{Raybould2020Thera-SAbDab:,
  journal   = {Nucleic Acids Research},
  doi       = {10.1093/nar/gkz827},
  issn      = {0305-1048},
  number    = {D1},
  pmid      = 31555805,
  publisher = {Oxford Academic},
  title     = {Thera-SAbDab: the Therapeutic Structural Antibody Database},
  volume    = 48,
  author    = {Raybould, Matthew I J and Marks, Claire and Lewis, Alan P and Shi, Jiye and Bujotzek, Alexander and Taddese, Bruck and Deane, Charlotte M},
  pages     = {D383--D388},
  date      = {2020-01-08},
  year      = 2020,
  month     = 1,
  day       = 8
}
@article{Mullard2021FDA,
  journal   = {Nature reviews. Drug discovery},
  doi       = {10.1038/d41573-021-00079-7},
  issn      = {1474-1784},
  number    = 7,
  pmid      = 33953368,
  publisher = {NLM (Medline)},
  title     = {FDA approves 100th monoclonal antibody product.},
  volume    = 20,
  author    = {Mullard, Asher},
  pages     = {491--495},
  date      = {2021-07-05},
  year      = 2021,
  month     = 7,
  day       = 5
}
@article{Simon2011Genomic,
  journal   = {EMBO Molecular Medicine},
  doi       = {10.1002/EMMM.201100153},
  issn      = 17574676,
  number    = 8,
  pmid      = 21744497,
  publisher = {Wiley-Blackwell},
  title     = {Genomic biomarkers in predictive medicine. An interim analysis},
  volume    = 3,
  author    = {Simon, Richard},
  pages     = 429,
  date      = {2011-08},
  year      = 2011,
  month     = 8
}
@article{Cui2022High-throughput,
  journal   = {Laboratory investigation; a journal of technical methods and pathology},
  doi       = {10.1038/s41374-022-00830-7},
  issn      = {1530-0307},
  number    = 11,
  pmid      = 36775443,
  publisher = {Lab Invest},
  title     = {High-throughput proteomics: a methodological mini-review.},
  volume    = 102,
  author    = {Cui, Miao and Cheng, Chao and Zhang, Lanjing},
  pages     = {1170--1181},
  date      = {2022-11-01},
  year      = 2022,
  month     = 11,
  day       = 1
}
@article{Guthals2017De,
  journal = {Journal of Proteome Research},
  doi     = {10.1021/acs.jproteome.6b00608},
  issn    = {1535-3893},
  number  = 1,
  title   = {De Novo MS/MS Sequencing of Native Human Antibodies},
  volume  = 16,
  author  = {Guthals, Adrian and Gan, Yutian and Murray, Laura and Chen, Yongmei and Stinson, Jeremy and Nakamura, Gerald and Lill, Jennie R and Sandoval, Wendy and Bandeira, Nuno},
  pages   = {45--54},
  date    = {2017-01-06},
  year    = 2017,
  month   = 1,
  day     = 6
}
@article{Tabb2008DirecTag:,
  journal = {Journal of Proteome Research},
  doi     = {10.1021/PR800154P},
  issn    = 15353893,
  number  = 9,
  pmid    = 18630943,
  title   = {DirecTag: Accurate sequence tags from peptide MS/MS through statistical scoring},
  volume  = 7,
  author  = {Tabb, David L. and Ze-Qiang, Ma and Martin, Daniel B. and Ham, Amy Joan L. and Chambers, Matthew C.},
  pages   = {3838--3846},
  date    = {2008-09},
  year    = 2008,
  month   = 9
}
@article{He2018Protein,
  journal = {International Journal of Mass Spectrometry},
  doi     = {10.1016/j.ijms.2017.11.012},
  issn    = 13873806,
  title   = {Protein de novo sequencing by top-down and middle-down MS/MS: Limitations imposed by mass measurement accuracy and gaps in sequence coverage},
  volume  = 427,
  author  = {He, Lidong and Weisbrod, Chad R and Marshall, Alan G},
  pages   = {107--113},
  date    = {2018-04},
  year    = 2018,
  month   = 4
}
@article{Wilm1996Analytical,
  journal   = {Analytical Chemistry},
  doi       = {10.1021/AC9509519/ASSET/IMAGES/LARGE/AC9509519F00006.JPEG},
  issn      = 00032700,
  number    = 1,
  pmid      = 8779426,
  publisher = {American Chemical Society},
  title     = {Analytical properties of the nanoelectrospray ion source},
  volume    = 68,
  author    = {Wilm, Matthias and Mann, Matthias},
  pages     = {1--8},
  date      = 1996,
  year      = 1996
}
@article{Gatlin1998Protein,
  journal   = {Analytical Biochemistry},
  doi       = {10.1006/ABIO.1998.2809},
  issn      = {0003-2697},
  number    = 1,
  pmid      = 9750149,
  publisher = {Academic Press},
  title     = {Protein Identification at the Low Femtomole Level from Silver-Stained Gels Using a New Fritless Electrospray Interface for Liquid Chromatography–Microspray and Nanospray Mass Spectrometry},
  volume    = 263,
  author    = {Gatlin, Christine L. and Kleemann, Gerd R. and Hays, Lara G. and Link, Andrew J. and Yates, John R.},
  pages     = {93--101},
  date      = {1998-10-01},
  year      = 1998,
  month     = 10,
  day       = 1
}
@article{Vasilopoulou2020Trapped,
  journal   = {Nature Communications},
  doi       = {10.1038/s41467-019-14044-x},
  issn      = {2041-1723},
  number    = 1,
  pmid      = 31949144,
  publisher = {Nature Publishing Group},
  title     = {Trapped ion mobility spectrometry and PASEF enable in-depth lipidomics from minimal sample amounts},
  volume    = 11,
  author    = {Vasilopoulou, Catherine G. and Sulek, Karolina and Brunner, Andreas-David and Meitei, Ningombam Sanjib and Schweiger-Hufnagel, Ulrike and Meyer, Sven W. and Barsch, Aiko and Mann, Matthias and Meier, Florian},
  pages     = 331,
  date      = {2020-01-16},
  year      = 2020,
  month     = 1,
  day       = 16
}
@article{Ridgeway2018Trapped,
  journal   = {International Journal of Mass Spectrometry},
  doi       = {10.1016/J.IJMS.2018.01.006},
  issn      = {1387-3806},
  publisher = {Elsevier},
  title     = {Trapped ion mobility spectrometry: A short review},
  volume    = 425,
  author    = {Ridgeway, Mark E. and Lubeck, Markus and Jordens, Jan and Mann, Mattias and Park, Melvin A.},
  pages     = {22--35},
  date      = {2018-02-01},
  year      = 2018,
  month     = 2,
  day       = 1
}
@article{Graham2023Characterizing,
  doi    = {10.26434/CHEMRXIV-2022-W8S4N-V3},
  title  = {Characterizing the Top-down Sequencing of Protein Ions Prior to Mobility Separation in a timsTOF},
  author = {Graham, Katherine A and Lawlor, Charles F and Borotto, Nicholas B},
  date   = {2023-02-13},
  year   = 2023,
  month  = 2,
  day    = 13
}
@article{Grinfeld2017Phase-constrained,
  journal   = {Analytical Chemistry},
  doi       = {10.1021/ACS.ANALCHEM.6B03636},
  issn      = 15206882,
  number    = 2,
  pmid      = 27982570,
  publisher = {American Chemical Society},
  title     = {Phase-constrained spectrum deconvolution for fourier transform mass spectrometry},
  volume    = 89,
  author    = {Grinfeld, Dmitry and Aizikov, Konstantin and Kreutzmann, Arne and Damoc, Eugen and Makarov, Alexander},
  pages     = {1202--1211},
  date      = {2017-01-17},
  year      = 2017,
  month     = 1,
  day       = 17
}
@article{Jeong2022FLASHIda,
  journal   = {Nature communications},
  doi       = {10.1038/S41467-022-31922-Z},
  issn      = {2041-1723},
  number    = 1,
  pmid      = 35906205,
  publisher = {Nat Commun},
  title     = {FLASHIda enables intelligent data acquisition for top-down proteomics to boost proteoform identification counts},
  volume    = 13,
  author    = {Jeong, Kyowon and Babović, Maša and Gorshkov, Vladimir and Kim, Jihyung and Jensen, Ole N. and Kohlbacher, Oliver},
  date      = {2022-12-01},
  year      = 2022,
  month     = 12,
  day       = 1
}
@article{Boer2020Selectivity,
  journal   = {Chemical Science},
  doi       = {10.1039/D0SC03438J},
  issn      = 20416539,
  number    = 43,
  publisher = {Royal Society of Chemistry},
  title     = {Selectivity over coverage in de novo sequencing of IgGs},
  volume    = 11,
  author    = {Den Boer, Maurits A. and Greisch, Jean Francois and Tamara, Sem and Bondt, Albert and Heck, Albert J.R.},
  pages     = {11886--11896},
  date      = {2020-11-11},
  year      = 2020,
  month     = 11,
  day       = 11
}
@article{Dupré2021De,
  journal   = {Analytical Chemistry},
  doi       = {10.1021/ACS.ANALCHEM.1C01955/SUPPL_FILE/AC1C01955_SI_003.TXT},
  issn      = 15206882,
  number    = 30,
  publisher = {American Chemical Society},
  title     = {De Novo Sequencing of Antibody Light Chain Proteoforms from Patients with Multiple Myeloma},
  volume    = 93,
  author    = {Dupré, Mathieu and Duchateau, Magalie and Sternke-Hoffmann, Rebecca and Boquoi, Amelie and Malosse, Christian and Fenk, Roland and Haas, Rainer and Buell, Alexander K. and Rey, Martial and Chamot-Rooke, Julia},
  pages     = {10627--10634},
  date      = {2021-08-03},
  year      = 2021,
  month     = 8,
  day       = 3
}
@article{Brodbelt2016Ion,
  journal = {Analytical Chemistry},
  doi     = {10.1021/acs.analchem.5b04563},
  isbn    = {1520-6882 (Electronic){\textbackslash}r0003-2700 (Linking)},
  issn    = 15206882,
  number  = 1,
  pmid    = 26630359,
  title   = {Ion Activation Methods for Peptides and Proteins},
  volume  = 88,
  author  = {Brodbelt, Jennifer S.},
  pages   = {30--51},
  date    = 2016,
  year    = 2016
}
@article{Klein2021mobiusklein/ms_deisotope:,
  doi    = {10.5281/ZENODO.5759830},
  title  = {mobiusklein/ms_deisotope: Release v0.0.33},
  author = {Klein, Joshua and heckendorfc and Lukauskas, Saulius and mstim},
  date   = {2021-12-05},
  year   = 2021,
  month  = 12,
  day    = 5
}
@article{Schulte2022Template-Based,
  journal   = {Analytical chemistry},
  doi       = {10.1021/ACS.ANALCHEM.2C01300},
  issn      = {1520-6882},
  number    = 29,
  pmid      = 35834437,
  publisher = {Anal Chem},
  title     = {Template-Based Assembly of Proteomic Short Reads For De Novo Antibody Sequencing and Repertoire Profiling},
  volume    = 94,
  author    = {Schulte, Douwe and Peng, Weiwei and Snijder, Joost},
  pages     = {10391--10399},
  date      = {2022-07-26},
  year      = 2022,
  month     = 7,
  day       = 26
}
@article{Ma2003PEAKS:,
  journal   = {Rapid Communications in Mass Spectrometry},
  doi       = {10.1002/rcm.1196},
  issn      = {0951-4198},
  number    = 20,
  publisher = {Wiley-Blackwell},
  title     = {PEAKS: powerful software for peptidede novo sequencing by tandem mass spectrometry},
  volume    = 17,
  author    = {Ma, Bin and Zhang, Kaizhong and Hendrie, Christopher and Liang, Chengzhi and Li, Ming and Doherty-Kirby, Amanda and Lajoie, Gilles},
  pages     = {2337--2342},
  date      = {2003-10},
  year      = 2003,
  month     = 10
}
@article{Peng2021Mass,
  journal   = {Journal of Proteome Research},
  doi       = {10.1021/ACS.JPROTEOME.1C00169},
  issn      = 15353907,
  number    = 7,
  pmid      = 34121409,
  publisher = {American Chemical Society},
  title     = {Mass Spectrometry-BasedDe NovoSequencing of Monoclonal Antibodies Using Multiple Proteases and a Dual Fragmentation Scheme},
  volume    = 20,
  author    = {Peng, Weiwei and Pronker, Matti F. and Snijder, Joost},
  pages     = {3559--3566},
  date      = {2021-07-02},
  year      = 2021,
  month     = 7,
  day       = 2
}
@article{Johnston2022Solvent,
  journal   = {Analytical Chemistry},
  doi       = {10.1021/ACS.ANALCHEM.1C04200/SUPPL_FILE/AC1C04200_SI_002.XLSX},
  issn      = 15206882,
  number    = 29,
  publisher = {American Chemical Society},
  title     = {Solvent Precipitation SP3 (SP4) Enhances Recovery for Proteomics Sample Preparation without Magnetic Beads},
  volume    = 94,
  author    = {Johnston, Harvey E. and Yadav, Kranthikumar and Kirkpatrick, Joanna M. and Biggs, George S. and Oxley, David and Kramer, Holger B. and Samant, Rahul S.},
  pages     = {10320--10328},
  date      = {2022-07-26},
  year      = 2022,
  month     = 7,
  day       = 26
}

