@article{degraaf2022perspective,
  author  = {\textbf{de} \textbf{Graaf}, \textbf{Sebastiaan} \textbf{C.}* and Hoek, Max* and Tamara, Sem and Heck, Albert J.R.},
  title   = {{A perspective toward mass spectrometry-based de novo sequencing of endogenous antibodies}},
  journal = {mAbs},
  volume  = 14,
  number  = 1,
  year    = 2022,
  issn    = {19420870},
  doi     = {10.1080/19420862.2022.2079449}
}
waarschuwing: changed volume from  {14},
waarschuwing: changed number from  {1},
waarschuwing: did not find pages
waarschuwing: changed year from  {2022}

@article{bondt2022no,
  author  = {Bondt, Albert and Hoek, Max and Dingess, Kelly and Tamara, Sem and \textbf{de} \textbf{Graaf}, \textbf{Bastiaan} and Peng, Weiwei and den Boer, Maurits A and Damen, Mirjam and Zwart, Ceri and Barendregt, Arjan and van Rijswijck, Danique M H and Grobben, Marloes and Tejjani, Khadija and van Rijswijk, Jacqueline and V{\"{o}}llmy, Franziska and Snijder, Joost and Fortini, Francesca and Papi, Alberto and Volta, Carlo Alberto and Campo, Gianluca and Contoli, Marco and van Gils, Marit J and Spadaro, Savino and Rizzo, Paola and Heck, Albert J R},
  title   = {{Into the Dark Serum Proteome: Personalized Features of IgG1 and IgA1 Repertoires in Severe COVID-19 Patients}},
  journal = {Molecular Cellular Proteomics},
  volume  = 23,
  number  = 1,
  pages   = {1535--9476},
  year    = 2022,
  doi     = {10.1016/j.mcpro.2023.100690}
}
waarschuwing: did not find volume
waarschuwing: did not find number
waarschuwing: did not find pages
waarschuwing: changed year from  {2022}
waarschuwing: did not find issn

@article{bondt2021human,
  author  = {Bondt, Albert* and Hoek, Max* and Tamara, Sem* and \textbf{de} \textbf{Graaf}, \textbf{Bastiaan} and Peng, Weiwei and Schulte, Douwe and van Rijswijck, Danique M.H. and den Boer, Maurits A. and Greisch, Jean François and Varkila, Meri R.J. and Snijder, Joost and Cremer, Olaf L. and Bonten, Marc J.M. and Heck, Albert J.R.},
  title   = {Human plasma IgG1 repertoires are simple, unique, and dynamic},
  journal = {Cell Systems},
  volume  = 12,
  number  = 12,
  pages   = {1131--11435},
  year    = 2021,
  issn    = 24054720,
  doi     = {10.1016/j.cels.2021.08.008}
}
waarschuwing: changed pages from {1131--1143.e5},

@article{degraaf2019cross,
  author  = {\textbf{de} \textbf{Graaf}, \textbf{Sebastiaan} \textbf{C.}* and Klykov, Oleg* and van den Toorn, Henk and Scheltema, Richard A.},
  title   = {{Cross-ID: Analysis and Visualization of Complex XL–MS-Driven Protein Interaction Networks}},
  journal = {Journal of Proteome Research},
  volume  = 18,
  number  = 2,
  pages   = {642--651},
  year    = 2019,
  issn    = {1535-3893},
  doi     = {10.1021/acs.jproteome.8b00725}
}
waarschuwing: changed volume from  {18},
waarschuwing: changed number from  {2},
waarschuwing: changed year from  {2019}

@article{degraaf2024case,
  author  = {\textbf{de} \textbf{Graaf}, \textbf{Sebastiaan} \textbf{C.}* and Bondt, Albert and van Rijswijck, Danique M. H. and Juncker, Hannah G. and Mulleners, Sien J. and Damen, Mirjam J. A. and Hoek, Max and van Keulen, Britt J. and van Goudoever, Johannes B. and Heck, Albert J. R. and Dingess, Kelly A.},
  title   = {A case series exploring the human milk polyclonal IgA1 response to repeated SARS-CoV-2 vaccinations by LC–MS based fab profiling},
  journal = {Frontiers in Nutrition},
  volume  = 10,
  pages   = 1305086,
  year    = 2024,
  doi     = {10.3389/fnut.2023.1305086},
  issn    = {2296-861X}
}