@article{Briney2019Commonality,
	journal={Nature},
	doi={10.1038/S41586-019-0879-Y},
	issn={1476-4687},
	number=7744,
	pmid=30664748,
	publisher={Nature},
	title={Commonality despite exceptional diversity in the baseline human antibody repertoire},
	volume=566,
	author={Briney, Bryan and Inderbitzin, Anne and Joyce, Collin and Burton, Dennis R.},
	pages={393--397},
	date={2019-02-21},
	year=2019,
	month=2,
	day=21,
}
@article{Schroeder2006Similarity,
	journal={Developmental and comparative immunology},
	doi={10.1016/J.DCI.2005.06.006},
	issn={0145-305X},
	number={1-2},
	pmid=16083957,
	publisher={Dev Comp Immunol},
	title={Similarity and divergence in the development and expression of the mouse and human antibody repertoires},
	volume=30,
	author={Schroeder, Harry W.},
	pages={119--135},
	date=2006,
	year=2006,
}
@article{Bondt2021Human,
	journal={Cell systems},
	doi={10.1016/J.CELS.2021.08.008},
	issn={2405-4720},
	number=12,
	pmid=34613904,
	publisher={Cell Syst},
	title={Human plasma IgG1 repertoires are simple, unique, and dynamic},
	volume=12,
	author={Bondt, Albert and Hoek, Max and Tamara, Sem and de Graaf, Bastiaan and Peng, Weiwei and Schulte, Douwe and van Rijswijck, Danique M.H. and den Boer, Maurits A. and Greisch, Jean François and Varkila, Meri R.J. and Snijder, Joost and Cremer, Olaf L. and Bonten, Marc J.M. and Heck, Albert J.R.},
	pages={1131--1143.e5},
	date={2021-12-15},
	year=2021,
	month=12,
	day=15,
}
@article{Bondt2021Direct,
	journal={Frontiers in immunology},
	doi={10.3389/FIMMU.2021.789748},
	issn={1664-3224},
	pmid=34938298,
	publisher={Front Immunol},
	title={A Direct MS-Based Approach to Profile Human Milk Secretory Immunoglobulin A (IgA1) Reveals Donor-Specific Clonal Repertoires With High Longitudinal Stability},
	volume=12,
	author={Bondt, Albert and Dingess, Kelly A. and Hoek, Max and van Rijswijck, Danique M.H. and Heck, Albert J.R.},
	date={2021-12-06},
	year=2021,
	month=12,
	day=6,
}
@article{Dingess2023Identification,
	journal={Cellular & molecular immunology},
	doi={10.1038/S41423-022-00954-2},
	issn={2042-0226},
	number=1,
	pmid=36447030,
	publisher={Cell Mol Immunol},
	title={Identification of common and distinct origins of human serum and breastmilk IgA1 by mass spectrometry-based clonal profiling},
	volume=20,
	author={Dingess, Kelly A. and Hoek, Max and van Rijswijk, Danique M.H. and Tamara, Sem and den Boer, Maurits A. and Veth, Tim and Damen, Mirjam J.A. and Barendregt, Arjan and Romijn, Michelle and Juncker, Hannah G. and van Keulen, Britt J. and Vidarsson, Gestur and van Goudoever, Johannes B. and Bondt, Albert and Heck, Albert J.R.},
	date={2023-01-01},
	year=2023,
	month=1,
	day=1,
}
@article{Dong2020Antibodies,
	journal={Emerging microbes & infections},
	doi={10.1080/22221751.2020.1780952},
	issn={2222-1751},
	number=1,
	pmid=32552365,
	publisher={Emerg Microbes Infect},
	title={Antibodies in the breast milk of a maternal woman with COVID-19},
	volume=9,
	author={Dong, Yunzhu and Chi, Xiangyang and Hai, Huang and Sun, Liangliang and Zhang, Mengyao and Xie, Wei Fen and Chen, Wei},
	pages={1467--1469},
	date={2020-01-01},
	year=2020,
	month=1,
	day=1,
}
@article{Fox2020Robust,
	journal={iScience},
	doi={10.1016/J.ISCI.2020.101735},
	issn={2589-0042},
	number=11,
	pmid=33134887,
	publisher={iScience},
	title={Robust and Specific Secretory IgA Against SARS-CoV-2 Detected in Human Milk},
	volume=23,
	author={Fox, Alisa and Marino, Jessica and Amanat, Fatima and Krammer, Florian and Hahn-Holbrook, Jennifer and Zolla-Pazner, Susan and Powell, Rebecca L.},
	date={2020-11-20},
	year=2020,
	month=11,
	day=20,
}
@article{Pace2021Characterization,
	journal={mBio},
	doi={10.1128/MBIO.03192-20},
	issn={2150-7511},
	number=1,
	pmid=33563823,
	publisher={mBio},
	title={Characterization of SARS-CoV-2 RNA, Antibodies, and Neutralizing Capacity in Milk Produced by Women with COVID-19},
	volume=12,
	author={Pace, Ryan M. and Williams, Janet E. and Järvinen, Kirsi M. and Belfort, Mandy B. and Pace, Christina D.W. and Lackey, Kimberly A. and Gogel, Alexandra C. and Nguyen-Contant, Phuong and Kanagaiah, Preshetha and Fitzgerald, Theresa and Ferri, Rita and Young, Bridget and Rosen-Carole, Casey and Diaz, Nichole and Meehan, Courtney L. and Caffé, Beatrice and Sangster, Mark Y. and Topham, David and McGuire, Mark A. and Seppo, Antti and McGuire, Michelle K.},
	pages={1--11},
	date={2021-01-01},
	year=2021,
	month=1,
	day=1,
}
@article{Keulen2021Human,
	journal={Nutrients},
	doi={10.3390/NU13051645},
	issn={2072-6643},
	number=5,
	pmid=34068142,
	publisher={Nutrients},
	title={Human Milk from Previously COVID-19-Infected Mothers: The Effect of Pasteurization on Specific Antibodies and Neutralization Capacity},
	volume=13,
	author={van Keulen, Britt J. and Romijn, Michelle and Bondt, Albert and Dingess, Kelly A. and Kontopodi, Eva and van der Straten, Karlijn and Den Boer, Maurits A. and Burger, Judith A. and Poniman, Meliawati and Bosch, Berend J. and Brouwer, Philip J.M. and de Groot, Christianne J.M. and Hoek, Max and Li, Wentao and Pajkrt, Dasja and Sanders, Rogier W. and Schoonderwoerd, Anne and Tamara, Sem and Timmermans, Rian A.H. and Vidarsson, Gestur and Stittelaar, Koert J. and Rispens, Theo T. and Hettinga, Kasper A. and van Gils, Marit J. and Heck, Albert J.R. and van Goudoever, Johannes B.},
	date={2021-05-01},
	year=2021,
	month=5,
	day=1,
}
@article{Bode2022Characterization,
	journal={Pediatric research},
	doi={10.1038/S41390-022-02360-W},
	issn={1530-0447},
	pmid=36434204,
	publisher={Pediatr Res},
	title={Characterization of SARS-CoV-2 antibodies in human milk from 21 women with confirmed COVID-19 infection},
	author={Bode, Lars and Bertrand, Kerri and Najera, Julia A. and Furst, Annalee and Honerkamp-Smith, Gordon and Shandling, Adam D. and Chambers, Christina D. and Camerini, David and Campo, Joseph J.},
	date={2022-11-25},
	year=2022,
	month=11,
	day=25,
}
@article{Lebrão2020Early,
	journal={Journal of human lactation : official journal of International Lactation Consultant Association},
	doi={10.1177/0890334420960433},
	issn={1552-5732},
	number=4,
	pmid=32985922,
	publisher={J Hum Lact},
	title={Early Identification of IgA Anti-SARSCoV-2 in Milk of Mother With COVID-19 Infection},
	volume=36,
	author={Lebrão, Cibele Wolf and Cruz, Manuela Navarro and Silva, da Mariliza Henrique and Dutra, Letícia Veríssimo and Cristiani, Camila and Affonso Fonseca, Fernando Luiz and Suano-Souza, Fabíola Isabel},
	pages={609--613},
	date={2020-11-01},
	year=2020,
	month=11,
	day=1,
}
@article{Juncker2021Human,
	journal={Journal of human lactation : official journal of International Lactation Consultant Association},
	doi={10.1177/08903344211030171},
	issn={1552-5732},
	number=3,
	pmid=34308720,
	publisher={J Hum Lact},
	title={Human Milk Antibodies Against SARS-CoV-2: A Longitudinal Follow-Up Study},
	volume=37,
	author={Juncker, Hannah G. and Romijn, M. and Loth, Veerle N. and Caniels, Tom G. and de Groot, Christianne J.M. and Pajkrt, Dasja and van Gils, Marit J. and van Goudoever, Johannes B. and van Keulen, Britt J.},
	pages={485--491},
	date={2021-08-01},
	year=2021,
	month=8,
	day=1,
}
@article{Kumar2022SARS-CoV-2,
	journal={The journal of maternal-fetal & neonatal medicine : the official journal of the European Association of Perinatal Medicine, the Federation of Asia and Oceania Perinatal Societies, the International Society of Perinatal Obstetricians},
	doi={10.1080/14767058.2021.1882984},
	issn={1476-4954},
	number=25,
	pmid=33550866,
	publisher={J Matern Fetal Neonatal Med},
	title={SARS-CoV-2 detection in human milk: a systematic review},
	volume=35,
	author={Kumar, Jogender and Meena, Jitendra and Yadav, Arushi and Kumar, Praveen},
	date=2022,
	year=2022,
}
@article{Krogstad2021No,
	journal={medRxiv : the preprint server for health sciences},
	doi={10.1101/2021.04.05.21254897},
	pmid=33851178,
	publisher={medRxiv},
	title={No Evidence of Infectious SARS-CoV-2 in Human Milk: Analysis of a Cohort of 110 Lactating Women},
	author={Krogstad, Paul and Contreras, Deisy and Ng, Hwee and Tobin, Nicole and Chambers, Christina D and Bertrand, Kerri and Bode, Lars and Aldrovandi, Grace},
	date={2021-04-07},
	year=2021,
	month=4,
	day=7,
}
@article{Chambers2020Evaluation,
	journal={JAMA},
	doi={10.1001/JAMA.2020.15580},
	issn={1538-3598},
	number=13,
	pmid=32822495,
	publisher={JAMA},
	title={Evaluation for SARS-CoV-2 in Breast Milk From 18 Infected Women},
	volume=324,
	author={Chambers, Christina and Krogstad, Paul and Bertrand, Kerri and Contreras, Deisy and Tobin, Nicole H. and Bode, Lars and Aldrovandi, Grace},
	pages={1347--1348},
	date=2020,
	year=2020,
}
@techreport{Organization2020Breastfeeding,
	numpages=3,
	title={Breastfeeding and COVID-19: scientific brief, 23 June 2020},
	author={Organization, World Health},
	date=2020,
	year=2020,
}
@article{Juncker2021Comparison,
	journal={Vaccines},
	doi={10.3390/VACCINES9121475},
	issn={2076-393X},
	number=12,
	pmid=34960222,
	publisher={Vaccines (Basel)},
	title={Comparison of SARS-CoV-2-Specific Antibodies in Human Milk after mRNA-Based COVID-19 Vaccination and Infection},
	volume=9,
	author={Juncker, Hannah G. and Mulleners, Sien J. and van Gils, Marit J. and Bijl, Tom P.L. and de Groot, Christianne J.M. and Pajkrt, Dasja and Korosi, Aniko and van Goudoever, Johannes B. and van Keulen, Britt J.},
	date={2021-12-01},
	year=2021,
	month=12,
	day=1,
}
@article{Zilver2023Vaccination,
	journal={International journal of infectious diseases : IJID : official publication of the International Society for Infectious Diseases},
	doi={10.1016/J.IJID.2023.02.022},
	issn={1878-3511},
	pmid=36868302,
	publisher={Int J Infect Dis},
	title={Vaccination from the early second trimester onwards gives a robust SARS-CoV-2 antibody response throughout pregnancy and provides antibodies for the neonate},
	volume=130,
	author={Zilver, S.J.M. and de Groot, C.J.M. and Grobben, M. and Remmelzwaal, S. and Burgers, E. and Nunez Velasco, D. and Juncker, H.G. and van Keulen, B.J. and van Goudoever, J.B. and de Leeuw, R.A. and van Gils, M.J. and Ris-Stalpers, C. and van Leeuwen, E.},
	date={2023-05},
	year=2023,
	month=5,
}
@article{Fu2022Systematic,
	journal={International journal of gynaecology and obstetrics: the official organ of the International Federation of Gynaecology and Obstetrics},
	doi={10.1002/IJGO.14008},
	issn={1879-3479},
	number=3,
	pmid=34735722,
	publisher={Int J Gynaecol Obstet},
	title={Systematic review of the safety, immunogenicity, and effectiveness of COVID-19 vaccines in pregnant and lactating individuals and their infants},
	volume=156,
	author={Fu, Winnie and Sivajohan, Brintha and McClymont, Elisabeth and Albert, Arianne and Elwood, Chelsea and Ogilvie, Gina and Money, Deborah},
	pages={406--417},
	date={2022-03-01},
	year=2022,
	month=3,
	day=1,
}
@article{Jamieson2022update,
	journal={American journal of obstetrics and gynecology},
	doi={10.1016/J.AJOG.2021.08.054},
	issn={1097-6868},
	number=2,
	pmid=34534497,
	publisher={Am J Obstet Gynecol},
	title={An update on COVID-19 and pregnancy},
	volume=226,
	author={Jamieson, Denise J. and Rasmussen, Sonja A.},
	pages={177--186},
	date={2022-02-01},
	year=2022,
	month=2,
	day=1,
}
@article{Shimabukuro2021Preliminary,
	journal={The New England journal of medicine},
	doi={10.1056/NEJMOA2104983},
	issn={1533-4406},
	number=24,
	pmid=33882218,
	publisher={N Engl J Med},
	title={Preliminary Findings of mRNA Covid-19 Vaccine Safety in Pregnant Persons},
	volume=384,
	author={Shimabukuro, Tom T. and Kim, Shin Y. and Myers, Tanya R. and Moro, Pedro L. and Oduyebo, Titilope and Panagiotakopoulos, Lakshmi and Marquez, Paige L. and Olson, Christine K. and Liu, Ruiling and Chang, Karen T. and Ellington, Sascha R. and Burkel, Veronica K. and Smoots, Ashley N. and Green, Caitlin J. and Licata, Charles and Zhang, Bicheng C. and Alimchandani, Meghna and Mba-Jonas, Adamma and Martin, Stacey W. and Gee, Julianne M. and Meaney-Delman, Dana M.},
	pages={2273--2282},
	date={2021-06-17},
	year=2021,
	month=6,
	day=17,
}
@article{Falsaperla2021COVID-19,
	journal={Expert review of vaccines},
	doi={10.1080/14760584.2021.1986390},
	issn={1744-8395},
	number=12,
	pmid=34592123,
	publisher={Expert Rev Vaccines},
	title={COVID-19 vaccination in pregnant and lactating women: a systematic review},
	volume=20,
	author={Falsaperla, Raffaele and Leone, Guido and Familiari, Maria and Ruggieri, Martino},
	pages={1619--1628},
	date=2021,
	year=2021,
}
@article{Simon2015Evolution,
	journal={Proceedings of the Royal Society B: Biological Sciences},
	doi={10.1098/RSPB.2014.3085},
	issn=14712954,
	number=1821,
	pmid=26702035,
	publisher={The Royal Society},
	title={Evolution of the immune system in humans from infancy to old age},
	volume=282,
	author={Simon, A. Katharina and Hollander, Georg A. and McMichael, Andrew},
	date={2015-12-12},
	year=2015,
	month=12,
	day=12,
}
@article{Czosnykowska-Łukacka2020Changes,
	journal={Frontiers in Pediatrics},
	doi={10.3389/FPED.2020.00428},
	issn=22962360,
	pmid=32850542,
	publisher={Frontiers Media SA},
	title={Changes in Human Milk Immunoglobulin Profile During Prolonged Lactation},
	volume=8,
	author={Czosnykowska-Łukacka, Matylda and Lis-Kuberka, Jolanta and Królak-Olejnik, Barbara and Orczyk-Pawiłowicz, Magdalena},
	pages=428,
	date={2020-08-07},
	year=2020,
	month=8,
	day=7,
}
@article{Lönnerdal2017Longitudinal,
	journal={The Journal of nutritional biochemistry},
	doi={10.1016/J.JNUTBIO.2016.06.001},
	issn={1873-4847},
	pmid=27771491,
	publisher={J Nutr Biochem},
	title={Longitudinal evolution of true protein, amino acids and bioactive proteins in breast milk: a developmental perspective},
	volume=41,
	author={Lönnerdal, Bo and Erdmann, Peter and Thakkar, Sagar K. and Sauser, Julien and Destaillats, Frédéric},
	pages={1--11},
	date={2017-03-01},
	year=2017,
	month=3,
	day=1,
}
@article{Rijswijck2022Discriminating,
	journal={Nature Communications 2022 13:1},
	doi={10.1038/s41467-022-33899-1},
	issn={2041-1723},
	number=1,
	pmid=36243713,
	publisher={Nature Publishing Group},
	title={Discriminating cross-reactivity in polyclonal IgG1 responses against SARS-CoV-2 variants of concern},
	volume=13,
	author={van Rijswijck, Danique M.H. and Bondt, Albert and Hoek, Max and van der Straten, Karlijn and Caniels, Tom G. and Poniman, Meliawati and Eggink, Dirk and Reusken, Chantal and de Bree, Godelieve J. and Sanders, Rogier W. and van Gils, Marit J. and Heck, Albert J.R.},
	pages={1--10},
	date={2022-10-15},
	year=2022,
	month=10,
	day=15,
}
@article{Wolf2022Antibody,
	journal={Cells},
	doi={10.3390/CELLS11223662},
	issn={2073-4409},
	number=22,
	pmid=36429090,
	publisher={Cells},
	title={Antibody Levels Poorly Reflect on the Frequency of Memory B Cells Generated following SARS-CoV-2, Seasonal Influenza, or EBV Infection},
	volume=11,
	author={Wolf, Carla and Köppert, Sebastian and Becza, Noémi and Kuerten, Stefanie and Kirchenbaum, Greg A. and Lehmann, V. Paul},
	date={2022-11-01},
	year=2022,
	month=11,
	day=1,
}
@article{Juncker2022Comparing,
	journal={EClinicalMedicine},
	doi={10.1016/J.ECLINM.2022.101393},
	issn={2589-5370},
	pmid=35465077,
	publisher={EClinicalMedicine},
	title={Comparing the human milk antibody response after vaccination with four COVID-19 vaccines: A prospective, longitudinal cohort study in the Netherlands},
	volume=47,
	author={Juncker, Hannah G. and Mulleners, Sien J. and Ruhé, Eliza J.M. and Coenen, Esmée R.M. and Bakker, Sjors and van Doesburg, Maritt and Harinck, Jolinda E. and Rood, Romee D. and Bouhuijs, Joey H. and Oomen, Melissa and de Groot, Prof Christianne J.M. and Pajkrt, Prof Dasja and Korosi, Aniko and van Goudoever, Prof Johannes B. and van Gils, Marit J. and van Keulen, Britt J.},
	date={2022-05-01},
	year=2022,
	month=5,
	day=1,
}
@incollection{Charles A Janeway2001Immunological,
	booktitle={Immunobiology: The Immune System in Health and Disease},
	edition=5,
	publisher={Garland Science},
	address={New York},
	title={Immunological memory},
	author={Charles A Janeway, Jr and Travers, Paul and Walport, Mark and Shlomchik, Mark J},
	date=2001,
	year=2001,
}
@article{Hwang2020Cryo-EM,
	journal={Science (New York, N.Y.)},
	doi={10.1126/SCIENCE.ABB2507},
	issn={1095-9203},
	number=6483,
	pmid=32075877,
	publisher={Science},
	title={Cryo-EM structure of the 2019-nCoV spike in the prefusion conformation},
	volume=367,
	author={Hwang, Soo Seok and Lim, Jaechul and Yu, Zhibin and Kong, Philip and Sefik, Esen and Xu, Hao and Harman, Christian C.D. and Kim, Lark Kyun and Lee, Gap Ryol and Li, Hua Bing and Flavell, Richard A.},
	pages={1255--1260},
	date={2020-03-13},
	year=2020,
	month=3,
	day=13,
}
@article{Yu2023Reducing,
	journal={Nature},
	doi={10.1038/S41586-022-05673-2},
	issn={1476-4687},
	pmid=36725933,
	publisher={Nature},
	title={Reducing affinity as a strategy to boost immunomodulatory antibody agonism},
	author={Yu, Xiaojie and Orr, Christian M. and Chan, H. T. Claude and James, Sonya and Penfold, Christine A. and Kim, Jinny and Inzhelevskaya, Tatyana and Mockridge, C. Ian and Cox, Kerry L. and Essex, Jonathan W. and Tews, Ivo and Glennie, Martin J. and Cragg, Mark S.},
	date={2023-02-01},
	year=2023,
	month=2,
	day=1,
}
@article{Mckinney2010Data,
	title={Data Structures for Statistical Computing in Python},
	author={Mckinney, Wes},
	date=2010,
	year=2010,
}
@article{Walt2011NumPy,
	title={The NumPy array: a structure for efficient numerical computation},
	author={Van Der Walt, Stéfan and Varoquaux, Gael and France, Saclay},
	date=2011,
	year=2011,
}
@article{Virtanen2020SciPy,
	journal={Nature Methods 2020 17:3},
	doi={10.1038/s41592-019-0686-2},
	issn={1548-7105},
	number=3,
	pmid=32015543,
	publisher={Nature Publishing Group},
	title={SciPy 1.0: fundamental algorithms for scientific computing in Python},
	volume=17,
	author={Virtanen, Pauli and Gommers, Ralf and Oliphant, Travis E. and Haberland, Matt and Reddy, Tyler and Cournapeau, David and Burovski, Evgeni and Peterson, Pearu and Weckesser, Warren and Bright, Jonathan and van der Walt, Stéfan J. and Brett, Matthew and Wilson, Joshua and Millman, K. Jarrod and Mayorov, Nikolay and Nelson, Andrew R.J. and Jones, Eric and Kern, Robert and Larson, Eric and Carey, C. J. and Polat, İlhan and Feng, Yu and Moore, Eric W. and VanderPlas, Jake and Laxalde, Denis and Perktold, Josef and Cimrman, Robert and Henriksen, Ian and Quintero, E. A. and Harris, Charles R. and Archibald, Anne M. and Ribeiro, Antônio H. and Pedregosa, Fabian and van Mulbregt, Paul and Vijaykumar, Aditya and Bardelli, Pietro Alessandro and Rothberg, Alex and Hilboll, Andreas and Kloeckner, Andreas and Scopatz, Anthony and Lee, Antony and Rokem, Ariel and Woods, C. Nathan and Fulton, Chad and Masson, Charles and Häggström, Christian and Fitzgerald, Clark and Nicholson, David A. and Hagen, David R. and Pasechnik, V. Dmitrii and Olivetti, Emanuele and Martin, Eric and Wieser, Eric and Silva, Fabrice and Lenders, Felix and Wilhelm, Florian and Young, G. and Price, Gavin A. and Ingold, Gert Ludwig and Allen, Gregory E. and Lee, Gregory R. and Audren, Hervé and Probst, Irvin and Dietrich, Jörg P. and Silterra, Jacob and Webber, James T. and Slavič, Janko and Nothman, Joel and Buchner, Johannes and Kulick, Johannes and Schönberger, Johannes L. and de Miranda Cardoso, José Vinícius and Reimer, Joscha and Harrington, Joseph and Rodríguez, Juan Luis Cano and Nunez-Iglesias, Juan and Kuczynski, Justin and Tritz, Kevin and Thoma, Martin and Newville, Matthew and Kümmerer, Matthias and Bolingbroke, Maximilian and Tartre, Michael and Pak, Mikhail and Smith, Nathaniel J. and Nowaczyk, Nikolai and Shebanov, Nikolay and Pavlyk, Oleksandr and Brodtkorb, Per A. and Lee, Perry and McGibbon, Robert T. and Feldbauer, Roman and Lewis, Sam and Tygier, Sam and Sievert, Scott and Vigna, Sebastiano and Peterson, Stefan and More, Surhud and Pudlik, Tadeusz and Oshima, Takuya and Pingel, Thomas J. and Robitaille, Thomas P. and Spura, Thomas and Jones, Thouis R. and Cera, Tim and Leslie, Tim and Zito, Tiziano and Krauss, Tom and Upadhyay, Utkarsh and Halchenko, Yaroslav O. and Vázquez-Baeza, Yoshiki},
	pages={261--272},
	date={2020-02-03},
	year=2020,
	month=2,
	day=3,
}
@article{Hunter2007Matplotlib:,
	journal={Computing in Science and Engineering},
	doi={10.1109/MCSE.2007.55},
	issn=15219615,
	number=3,
	publisher={IEEE Computer Society},
	title={Matplotlib: A 2D graphics environment},
	volume=9,
	author={Hunter, John D.},
	pages={90--95},
	date=2007,
	year=2007,
}

