overridden refs: these refs were forcefully added and manually fixed.

@article{georgiou2014promise,
  author  = {Georgiou, George and Ippolito, Gregory C. and Beausang, John and Busse, Christian E. and Wardemann, Hedda and Quake, Stephen R.},
  title   = {The promise and challenge of high-throughput sequencing of the antibody repertoire},
  journal = {Nature Biotechnology},
  volume  = 32,
  number  = 2,
  pages   = {158--168},
  year    = 2014,
  issn    = 10870156,
  doi     = {10.1038/nbt.2782}
}

end overridden refs

