overridden refs: these refs were forcefully added and manually fixed.

@article{georgiou2014promise,
  author  = {Georgiou, George and Ippolito, Gregory C. and Beausang, John and Busse, Christian E. and Wardemann, Hedda and Quake, Stephen R.},
  title   = {The promise and challenge of high-throughput sequencing of the antibody repertoire},
  journal = {Nature Biotechnology},
  volume  = 32,
  number  = 2,
  pages   = {158--168},
  year    = 2014,
  issn    = 10870156,
  doi     = {10.1038/nbt.2782}
}

end overridden refs

@article{London1902Der,
	journal={Zentralbl. f. Bakteriol., Parasitenk. u. Infektionskrankh., Abt. II, Bd},
	title={Der gegenwärtige Stand der Lehre von den Cytolysinen und die cytolytische Theorie der Immunität},
	volume=32,
	author={London, E S},
	date=1902,
	year=1902,
}
@article{Lindenmann1984Origin,
	journal={Scandinavian Journal of Immunology},
	edition={1984/04/01},
	doi={10.1111/j.1365-3083.1984.tb00931.x},
	isbn={0300-9475 (Print) 0300-9475 (Linking)},
	issn={0300-9475},
	number=4,
	note={Lindenmann, J
eng
Historical Article
England
Scand J Immunol. 1984 Apr;19(4):281-5. doi: 10.1111/j.1365-3083.1984.tb00931.x.},
	pmid=6374880,
	title={Origin of the terms 'antibody' and 'antigen'},
	volume=19,
	author={Lindenmann, Jean},
	pages={281--285},
	date={1984-04},
	year=1984,
	month=4,
}
@article{Marks2020How,
	journal={The Journal of biological chemistry},
	doi={10.1074/jbc.rev120.010181},
	issn={1083-351X},
	number=29,
	pmid=32409582,
	title={How repertoire data are changing antibody science.},
	volume=295,
	author={Marks, Claire and Deane, Charlotte M},
	pages={9823--9837},
	date={2020-07-17},
	year=2020,
	month=7,
	day=17,
}
@article{Raybould2020Thera-SAbDab:,
	journal={Nucleic acids research},
	doi={10.1093/nar/gkz827},
	issn={1362-4962},
	number={D1},
	pmid=31555805,
	publisher={Oxford Academic},
	title={Thera-SAbDab: the Therapeutic Structural Antibody Database.},
	volume=48,
	author={Raybould, Matthew I J and Marks, Claire and Lewis, Alan P and Shi, Jiye and Bujotzek, Alexander and Taddese, Bruck and Deane, Charlotte M},
	pages={D383--D388},
	date={2020-01-08},
	year=2020,
	month=1,
	day=8,
}
@article{Kaplon2021Antibodies,
	journal={mAbs},
	doi={10.1080/19420862.2020.1860476},
	issn=19420870,
	number=1,
	pmid=33459118,
	publisher={MAbs},
	title={Antibodies to watch in 2021},
	volume=13,
	author={Kaplon, Hélène and Reichert, Janice M.},
	date=2021,
	year=2021,
}
@article{Singh2018Monoclonal,
	journal={Current Clinical Pharmacology},
	doi={10.2174/1574884712666170809124728},
	issn=15748847,
	number=2,
	pmid=28799485,
	title={Monoclonal Antibodies: A Review},
	volume=13,
	author={Singh, Surjit and Kumar, Nitish K. and Dwiwedi, Pradeep and Charan, Jaykaran and Kaur, Rimplejeet and Sidhu, Preeti and Chugh, Vinay Kumar},
	pages={85--99},
	date={2018-10-09},
	year=2018,
	month=10,
	day=9,
}
@article{Schroeder2010Structure,
	journal={Journal of Allergy and Clinical Immunology},
	doi={10.1016/j.jaci.2009.09.046},
	issn=00916749,
	number=2,
	pmid=20176268,
	publisher={NIH Public Access},
	title={Structure and function of immunoglobulins},
	volume=125,
	author={Schroeder, Harry W. and Cavacini, Lisa},
	pages={S41--S52},
	date={2010-02},
	year=2010,
	month=2,
}
@article{Bornholdt2016Isolation,
	journal={Science},
	doi={10.1126/science.aad5788},
	issn={1095-9203},
	number=6277,
	pmid=26912366,
	publisher={American Association for the Advancement of Science},
	title={Isolation of potent neutralizing antibodies from a survivor of the 2014 Ebola virus outbreak.},
	volume=351,
	author={Bornholdt, Zachary A. and Turner, Hannah L. and Murin, Charles D. and Li, Wen and Sok, Devin and Souders, Colby A. and Piper, Ashley E. and Goff, Arthur and Shamblin, Joshua D. and Wollen, Suzanne E. and Sprague, Thomas R. and Fusco, Marnie L. and Pommert, Kathleen B. J. and Cavacini, Lisa A. and Smith, Heidi L. and Klempner, Mark and Reimann, Keith A. and Krauland, Eric and Gerngross, Tillman U. and Wittrup, Karl D. and Saphire, Erica Ollmann and Burton, Dennis R. and Glass, Pamela J. and Ward, Andrew B. and Walker, Laura M.},
	pages={1078--1083},
	date={2016-03-04},
	year=2016,
	month=3,
	day=4,
}
@article{Corti2016Protective,
	journal={Science (New York, N.Y.)},
	doi={10.1126/science.aad5224},
	isbn={0036-8075},
	issn={1095-9203},
	number=6279,
	pmid=26917593,
	title={Protective monotherapy against lethal Ebola virus infection by a potently neutralizing antibody.},
	volume=351,
	author={Corti, Davide and Misasi, John and Mulangu, Sabue and Stanley, Daphne A and Kanekiyo, Masaru and Wollen, Suzanne and Ploquin, Aurélie and Doria-Rose, Nicole A and Staupe, Ryan P and Bailey, Michael and Shi, Wei and Choe, Misook and Marcus, Hadar and Thompson, Emily A and Cagigi, Alberto and Silacci, Chiara and Fernandez-Rodriguez, Blanca and Perez, Laurent and Sallusto, Federica and Vanzetta, Fabrizia and Agatic, Gloria and Cameroni, Elisabetta and Kisalu, Neville and Gordon, Ingelise and Ledgerwood, Julie E and Mascola, John R and Graham, Barney S and Muyembe-Tamfun, Jean-Jacques and Trefry, John C and Lanzavecchia, Antonio and Sullivan, Nancy J},
	pages={1339--1342},
	date={2016-03-18},
	year=2016,
	month=3,
	day=18,
}
@article{Valgardsdottir2021Identification,
	journal={Antibodies},
	doi={10.3390/antib10030026},
	issn={2073-4468},
	number=3,
	pmid=34287229,
	publisher={Multidisciplinary Digital Publishing Institute},
	title={Identification of Human SARS-CoV-2 Monoclonal Antibodies from Convalescent Patients Using EBV Immortalization},
	volume=10,
	author={Valgardsdottir, Rut and Cattaneo, Irene and Napolitano, Gavino and Raglio, Annibale and Spinelli, Orietta and Salmoiraghi, Silvia and Castilletti, Concetta and Lapa, Daniele and Capobianchi, Maria Rosaria and Farina, Claudio and Golay, Josee},
	pages=26,
	date={2021-07-05},
	year=2021,
	month=7,
	day=5,
}
@article{Schroeder Jr.2006Similarity,
	journal={Dev Comp Immunol},
	edition={2005/08/09},
	doi={10.1016/j.dci.2005.06.006},
	isbn={0145-305X (Print) 0145-305X (Linking)},
	number={1-2},
	note={Schroeder, Harry W Jr
eng
Comparative Study
Review
Dev Comp Immunol. 2006;30(1-2):119-35. doi: 10.1016/j.dci.2005.06.006.},
	pmid=16083957,
	title={Similarity and divergence in the development and expression of the mouse and human antibody repertoires},
	volume=30,
	author={Schroeder Jr., H W},
	pages={119--135},
	date=2006,
	year=2006,
}
@article{Briney2019Commonality,
	journal={Nature},
	doi={10.1038/s41586-019-0879-y},
	issn={1476-4687},
	number=7744,
	pmid=30664748,
	publisher={Nature Publishing Group},
	title={Commonality despite exceptional diversity in the baseline human antibody repertoire.},
	volume=566,
	author={Briney, Bryan and Inderbitzin, Anne and Joyce, Collin and Burton, Dennis R.},
	pages={393--397},
	date={2019-02-21},
	year=2019,
	month=2,
	day=21,
}
@incollection{Hom2022Exploring,
	booktitle={Methods in Molecular Biology: Immune Receptors},
	doi={10.1007/978-1-0716-1944-5_16},
	issn={1940-6029},
	pmid=34870823,
	publisher={Humana},
	address={Clifton (NJ)},
	title={Exploring the Diversity of the B-Cell Receptor Repertoire Through High-Throughput Sequencing},
	volume=2421,
	author={Hom, Jennifer R. and Tomar, Deepak and Tipton, Christopher M.},
	editor={Rast, Jonathan and Buckley, Katherine},
	pages={231--241},
	date=2022,
	year=2022,
}
@article{Altelaar2013Next-generation,
	journal={Nature Reviews Genetics},
	doi={10.1038/nrg3356},
	issn={1471-0056},
	number=1,
	pmid=23207911,
	publisher={Nat Rev Genet},
	title={Next-generation proteomics: towards an integrative view of proteome dynamics},
	volume=14,
	author={Altelaar, A. F. Maarten and Munoz, Javier and Heck, Albert J. R.},
	pages={35--48},
	date={2013-01-04},
	year=2013,
	month=1,
	day=4,
}
@article{Aebersold2016Mass-spectrometric,
	journal={Nature},
	doi={10.1038/nature19949},
	issn={0028-0836},
	number=7620,
	pmid=27629641,
	publisher={Nature},
	title={Mass-spectrometric exploration of proteome structure and function},
	volume=537,
	author={Aebersold, Ruedi and Mann, Matthias},
	pages={347--355},
	date={2016-09-14},
	year=2016,
	month=9,
	day=14,
}
@article{Sen2017Automated,
	journal={Journal of the American Society for Mass Spectrometry},
	doi={10.1007/s13361-016-1580-0},
	issn={1879-1123},
	number=5,
	pmid=28105549,
	publisher={Springer New York LLC},
	title={Automated Antibody De Novo Sequencing and Its Utility in Biopharmaceutical Discovery.},
	volume=28,
	author={Sen, K. Ilker and Tang, Wilfred H and Nayak, Shruti and Kil, Yong J and Bern, Marshall and Ozoglu, Berk and Ueberheide, Beatrix and Davis, Darryl and Becker, Christopher},
	pages={803--810},
	date={2017-05-19},
	year=2017,
	month=5,
	day=19,
}
@article{Peng2021Mass,
	journal={Journal of Proteome Research},
	doi={10.1021/acs.jproteome.1c00169},
	issn={1535-3893},
	number=7,
	pmid=34121409,
	title={Mass Spectrometry-Based De Novo Sequencing of Monoclonal Antibodies Using Multiple Proteases and a Dual Fragmentation Scheme},
	volume=20,
	author={Peng, Weiwei and Pronker, Matti F. and Snijder, Joost},
	pages={3559--3566},
	date={2021-07-02},
	year=2021,
	month=7,
	day=2,
}
@article{Srzentić2020Interlaboratory,
	journal={Journal of the American Society for Mass Spectrometry},
	doi={10.1021/jasms.0c00036},
	issn={1044-0305},
	number=9,
	pmid=32812765,
	title={Interlaboratory Study for Characterizing Monoclonal Antibodies by Top-Down and Middle-Down Mass Spectrometry},
	volume=31,
	author={Srzentić, Kristina and Fornelli, Luca and Tsybin, Yury O. and Loo, Joseph A. and Seckler, Henrique and Agar, Jeffrey N. and Anderson, Lissa C. and Bai, Dina L. and Beck, Alain and Brodbelt, Jennifer S. and van der Burgt, Yuri E. M. and Chamot-Rooke, Julia and Chatterjee, Sneha and Chen, Yunqiu and Clarke, David J. and Danis, Paul O. and Diedrich, Jolene K. and D’Ippolito, Robert A. and Dupré, Mathieu and Gasilova, Natalia and Ge, Ying and Goo, Young Ah and Goodlett, David R. and Greer, Sylvester and Haselmann, Kim F. and He, Lidong and Hendrickson, Christopher L. and Hinkle, Joshua D. and Holt, V. Matthew and Hughes, Sam and Hunt, Donald F. and Kelleher, Neil L. and Kozhinov, Anton N. and Lin, Ziqing and Malosse, Christian and Marshall, Alan G. and Menin, Laure and Millikin, Robert J. and Nagornov, Konstantin O. and Nicolardi, Simone and Paša-Tolić, Ljiljana and Pengelley, Stuart and Quebbemann, Neil R. and Resemann, Anja and Sandoval, Wendy and Sarin, Richa and Schmitt, Nicholas D. and Shabanowitz, Jeffrey and Shaw, Jared B. and Shortreed, Michael R. and Smith, Lloyd M. and Sobott, Frank and Suckau, Detlev and Toby, Timothy and Weisbrod, Chad R. and Wildburger, Norelle C. and Yates, John R. and Yoon, Sung Hwan and Young, Nicolas L. and Zhou, Mowei},
	pages={1783--1802},
	date={2020-09-02},
	year=2020,
	month=9,
	day=2,
}
@article{Chiu2019Antibody,
	journal={Antibodies (Basel, Switzerland)},
	doi={10.3390/antib8040055},
	issn={2073-4468},
	number=4,
	pmid=31816964,
	title={Antibody Structure and Function: The Basis for Engineering Therapeutics.},
	volume=8,
	author={Chiu, Mark L. and Goulet, Dennis R. and Teplyakov, Alexey and Gilliland, Gary L.},
	pages=55,
	date={2019-12-03},
	year=2019,
	month=12,
	day=3,
}
@article{Porter1959hydrolysis,
	journal={Biochemical Journal},
	doi={10.1042/bj0730119},
	issn={0306-3283},
	number=1,
	pmid=14434282,
	publisher={Biochem J},
	title={The hydrolysis of rabbit γ-globulin and antibodies with crystalline papain},
	volume=73,
	author={Porter, R R},
	pages={119--127},
	date={1959-09-01},
	year=1959,
	month=9,
	day=1,
}
@article{Herr2003Insights,
	journal={Nature},
	doi={10.1038/nature01685},
	issn={0028-0836},
	number=6940,
	pmid=12768205,
	publisher={Nature Publishing Group},
	title={Insights into IgA-mediated immune responses from the crystal structures of human FcalphaRI and its complex with IgA1-Fc.},
	volume=423,
	author={Herr, Andrew B. and Ballister, Edward R. and Bjorkman, Pamela J.},
	pages={614--20},
	date={2003-06-05},
	year=2003,
	month=6,
	day=5,
}
@incollection{Charles A Janeway2001generation,
	booktitle={Immunobiology: The Immune System in Health and Disease},
	edition=5,
	isbn={0-8153-3642-X},
	publisher={Garland Science},
	address={New York (NY)},
	title={The generation of diversity in immunoglobulins},
	author={Charles A Janeway, Jr and Travers, Paul and Walport, Mark and Shlomchik, Mark J},
	date=2001,
	year=2001,
}
@incollection{Alberts2002Generation,
	booktitle={Molecular Biology of the Cell},
	edition=4,
	isbn={0-8153-3218-1},
	publisher={Garland Science},
	address={New York (NY)},
	title={The Generation of Antibody Diversity},
	author={Alberts, Bruce and Johnson, Alexander and Lewis, Julian and Raff, Martin and Roberts, Keith and Walter, Peter},
	date=2002,
	year=2002,
}
@article{Jeske1984Junctional,
	journal={Journal of immunology},
	issn={0022-1767},
	number=3,
	pmid=6747289,
	title={Junctional diversity is essential to antibody activity.},
	volume=133,
	author={Jeske, D J and Jarvis, J and Milstein, C and Capra, J D},
	pages={1090--1092},
	date={1984-09},
	year=1984,
	month=9,
}
@article{Aebersold2003Mass,
	journal={Nature},
	doi={10.1038/nature01511},
	issn={0028-0836},
	number=6928,
	pmid=12634793,
	publisher={Nature Publishing Group},
	title={Mass spectrometry-based proteomics},
	volume=422,
	author={Aebersold, Ruedi and Mann, Matthias},
	pages={198--207},
	date={2003-03-13},
	year=2003,
	month=3,
	day=13,
}
@article{Tran2016Complete,
	journal={Scientific Reports},
	doi={10.1038/srep31730},
	isbn={2045-2322 (Electronic)$\{\vphantom{\}}{\textbackslash}textbackslash\vphantom{\{}\}$r2045-2322 (Linking)},
	issn={2045-2322},
	number=1,
	note={Times cited: 1},
	pmid=27562653,
	title={Complete De Novo Assembly of Monoclonal Antibody Sequences},
	volume=6,
	author={Tran, Ngoc Hieu and Rahman, M Ziaur and He, Lin and Xin, Lei and Shan, Baozhen and Li, Ming},
	pages=31730,
	date={2016-10-26},
	year=2016,
	month=10,
	day=26,
}
@article{Guthals2012Shotgun,
	journal={Molecular & Cellular Proteomics},
	doi={10.1074/mcp.M111.015768},
	issn=15359476,
	number=10,
	note={Times cited: 1},
	pmid=22798278,
	publisher={American Society for Biochemistry and Molecular Biology},
	title={Shotgun Protein Sequencing with Meta-contig Assembly},
	volume=11,
	author={Guthals, Adrian and Clauser, Karl R and Bandeira, Nuno},
	pages={1084--1096},
	date={2012-10},
	year=2012,
	month=10,
}
@article{Donnelly2019Best,
	journal={Nature Methods 2019 16:7},
	doi={10.1038/s41592-019-0457-0},
	issn={1548-7105},
	number=7,
	pmid=31249407,
	publisher={Nature Publishing Group},
	title={Best practices and benchmarks for intact protein analysis for top-down mass spectrometry},
	volume=16,
	author={Donnelly, Daniel P. and Rawlins, Catherine M. and DeHart, Caroline J. and Fornelli, Luca and Schachner, Luis F. and Lin, Ziqing and Lippens, Jennifer L. and Aluri, Krishna C. and Sarin, Richa and Chen, Bifan and Lantz, Carter and Jung, Wonhyeuk and Johnson, Kendall R. and Koller, Antonius and Wolff, Jeremy J. and Campuzano, Iain D.G. and Auclair, Jared R. and Ivanov, Alexander R. and Whitelegge, Julian P. and Paša-Tolić, Ljiljana and Chamot-Rooke, Julia and Danis, Paul O. and Smith, Lloyd M. and Tsybin, Yury O. and Loo, Joseph A. and Ge, Ying and Kelleher, Neil L. and Agar, Jeffrey N.},
	pages={587--594},
	date={2019-06-27},
	year=2019,
	month=6,
	day=27,
}
@article{Bondt2021Human,
	journal={Cell Systems},
	doi={10.1016/j.cels.2021.08.008},
	issn=24054720,
	number=12,
	pmid=34613904,
	publisher={Cell Press},
	title={Human plasma IgG1 repertoires are simple, unique, and dynamic},
	volume=12,
	author={Bondt, Albert and Hoek, Max and Tamara, Sem and de Graaf, Bastiaan and Peng, Weiwei and Schulte, Douwe and van Rijswijck, Danique M.H. and den Boer, Maurits A. and Greisch, Jean François and Varkila, Meri R.J. and Snijder, Joost and Cremer, Olaf L. and Bonten, Marc J.M. and Heck, Albert J.R.},
	pages={1131--1143.e5},
	date=2021,
	year=2021,
}
@article{Guthals2017De,
	journal={Journal of Proteome Research},
	doi={10.1021/acs.jproteome.6b00608},
	issn={1535-3893},
	number=1,
	pmid=27779884,
	publisher={American Chemical Society},
	title={De Novo MS/MS Sequencing of Native Human Antibodies},
	volume=16,
	author={Guthals, Adrian and Gan, Yutian and Murray, Laura and Chen, Yongmei and Stinson, Jeremy and Nakamura, Gerald and Lill, Jennie R. and Sandoval, Wendy and Bandeira, Nuno},
	pages={45--54},
	date={2017-01-06},
	year=2017,
	month=1,
	day=6,
}
@article{Toby2016Progress,
	journal={Annual Review of Analytical Chemistry},
	doi={10.1146/annurev-anchem-071015-041550},
	isbn=0710150415,
	issn={1936-1327},
	number=1,
	pmid=27306313,
	title={Progress in Top-Down Proteomics and the Analysis of Proteoforms},
	volume=9,
	author={Toby, Timothy K. and Fornelli, Luca and Kelleher, Neil L.},
	pages={499--519},
	date={2016-06-12},
	year=2016,
	month=6,
	day=12,
}
@article{Compton2011On,
	journal={Analytical chemistry},
	doi={10.1021/ac2010795},
	issn={1520-6882},
	number=17,
	pmid=21744800,
	publisher={Anal Chem},
	title={On the scalability and requirements of whole protein mass spectrometry.},
	volume=83,
	author={Compton, Philip D and Zamdborg, Leonid and Thomas, Paul M and Kelleher, Neil L},
	pages={6868--6874},
	date={2011-09-01},
	year=2011,
	month=9,
	day=1,
}
@article{Johansson2008IdeS:,
	journal={PLoS ONE},
	doi={10.1371/journal.pone.0001692},
	issn={1932-6203},
	number=2,
	pmid=18301769,
	publisher={PLoS One},
	title={IdeS: A Bacterial Proteolytic Enzyme with Therapeutic Potential},
	volume=3,
	author={Johansson, Björn P. and Shannon, Oonagh and Björck, Lars},
	editor={Sollid, Ludvig},
	pages={e1692},
	date={2008-02-27},
	year=2008,
	month=2,
	day=27,
}
@article{Fornelli2014Middle-Down,
	journal={Analytical Chemistry},
	doi={10.1021/ac4036857},
	issn={0003-2700},
	number=6,
	pmid=24588056,
	title={Middle-Down Analysis of Monoclonal Antibodies with Electron Transfer Dissociation Orbitrap Fourier Transform Mass Spectrometry},
	volume=86,
	author={Fornelli, Luca and Ayoub, Daniel and Aizikov, Konstantin and Beck, Alain and Tsybin, Yury O},
	pages={3005--3012},
	date={2014-03-18},
	year=2014,
	month=3,
	day=18,
}
@article{Hudziak1989p185HER2,
	journal={Molecular and Cellular Biology},
	doi={10.1128/mcb.9.3.1165-1172.1989},
	isbn={0270-7306},
	issn={0270-7306},
	number=3,
	pmid=2566907,
	title={p185HER2 monoclonal antibody has antiproliferative effects in vitro and sensitizes human breast tumor cells to tumor necrosis factor},
	volume=9,
	author={Hudziak, Robert M and Lewis, Gail D and Winget, Marcy and Fendly, Brian M and Shepard, H Michael and Ullrich, A},
	pages={1165--1172},
	date={1989-03},
	year=1989,
	month=3,
}
@article{Carter1992Humanization,
	journal={Proceedings of the National Academy of Sciences of the United States of America},
	doi={10.1073/pnas.89.10.4285},
	isbn={0027-8424},
	issn={0027-8424},
	number=10,
	pmid=1350088,
	title={Humanization of an anti-p185HER2 antibody for human cancer therapy.},
	volume=89,
	author={Carter, Paul and Presta, L. and Gorman, Cornelia M and Ridgway, J B and Henner, Dennis and Wong, W L and Rowland, Ann M and Kotts, CMEC and Carver, Monique E and Shepard, H Michael},
	pages={4285--4289},
	date={1992-05-15},
	year=1992,
	month=5,
	day=15,
}
@article{Tsurushita2005Design,
	journal={Methods},
	doi={10.1016/j.ymeth.2005.01.007},
	issn=10462023,
	number=1,
	pmid=15848076,
	publisher={Methods},
	title={Design of humanized antibodies: From anti-Tac to Zenapax},
	volume=36,
	author={Tsurushita, Naoya and Hinton, Paul R. and Kumar, Shankar},
	pages={69--83},
	date={2005-05},
	year=2005,
	month=5,
}
@article{Khoja2015Pembrolizumab,
	journal={Journal for ImmunoTherapy of Cancer},
	doi={10.1186/s40425-015-0078-9},
	issn={2051-1426},
	number=1,
	pmid=26288737,
	publisher={J Immunother Cancer},
	title={Pembrolizumab},
	volume=3,
	author={Khoja, Leila and Butler, Marcus O and Kang, S Peter and Ebbinghaus, Scott and Joshua, Anthony M},
	pages=36,
	date={2015-12-18},
	year=2015,
	month=12,
	day=18,
}
@article{Busse2001Omalizumab,,
	journal={Journal of Allergy and Clinical Immunology},
	doi={10.1067/mai.2001.117880},
	issn=00916749,
	number=2,
	pmid=11496232,
	publisher={Mosby},
	title={Omalizumab, anti-IgE recombinant humanized monoclonal antibody, for the treatment of severe allergic asthma},
	volume=108,
	author={Busse, William and Corren, Jonathan and Lanier, Bobby Quentin and McAlary, Margaret and Fowler-Taylor, Angel and Cioppa, Della Giovanni and van As, Andre and Gupta, Niroo},
	pages={184--190},
	date={2001-08-01},
	year=2001,
	month=8,
	day=1,
}
@article{Presta1993Humanization,
	journal={Journal of immunology},
	issn={0022-1767},
	number=5,
	pmid=8360482,
	title={Humanization of an antibody directed against IgE.},
	volume=151,
	author={Presta, L G and Lahr, S J and Shields, R L and Porter, J P and Gorman, C M and Fendly, B M and Jardieu, P M},
	pages={2623--2632},
	date={1993-09-01},
	year=1993,
	month=9,
	day=1,
}
@article{Lu2020Development,
	journal={Journal of Biomedical Science},
	doi={10.1186/s12929-019-0592-z},
	issn={1423-0127},
	number=1,
	pmid=31894001,
	publisher={BioMed Central Ltd.},
	title={Development of therapeutic antibodies for the treatment of diseases},
	volume=27,
	author={Lu, Ruei-Min and Hwang, Yu-Chyi and Liu, I-Ju and Lee, Chi-Chiu and Tsai, Han-Zen and Li, Hsin-Jung and Wu, Han-Chung},
	pages=1,
	date={2020-12-02},
	year=2020,
	month=12,
	day=2,
}
@article{Morsa2019Multi-Enzymatic,
	journal={Journal of Proteome Research},
	doi={10.1021/acs.jproteome.9b00044},
	issn={1535-3893},
	number=6,
	pmid=31046285,
	title={Multi-Enzymatic Limited Digestion: The Next-Generation Sequencing for Proteomics?},
	volume=18,
	author={Morsa, Denis and Baiwir, Dominique and La Rocca, Raphaël and Zimmerman, Tyler A. and Hanozin, Emeline and Grifnée, Elodie and Longuespée, Rémi and Meuwis, Marie-Alice and Smargiasso, Nicolas and Pauw, De Edwin and Mazzucchelli, Gabriel},
	pages={2501--2513},
	date={2019-06-07},
	year=2019,
	month=6,
	day=7,
}
@article{Bandeira2008Beyond,
	journal={Nature Biotechnology},
	doi={10.1038/nbt1208-1336},
	issn={1087-0156},
	number=12,
	pmid=19060866,
	title={Beyond Edman Degradation: Automated de novo protein sequencing of monoclonal antibodies},
	volume=26,
	author={Bandeira, Nuno and Pham, Victoria and Pevzner, Pavel and Arnott, David and Lill, Jennie R},
	pages={1336--1338},
	date={2008-12},
	year=2008,
	month=12,
}
@article{Castellana2010Template,
	journal={Molecular & Cellular Proteomics},
	doi={10.1074/mcp.M900504-MCP200},
	issn=15359476,
	number=6,
	pmid=20164058,
	title={Template Proteogenomics: Sequencing Whole Proteins Using an Imperfect Database},
	volume=9,
	author={Castellana, Natalie E and Pham, Victoria and Arnott, David and Lill, Jennie R and Bafna, Vineet},
	pages={1260--1270},
	date={2010-06},
	year=2010,
	month=6,
}
@article{Savidor2017Database-independent,
	journal={Molecular & cellular proteomics : MCP},
	doi={10.1074/mcp.O116.065417},
	issn={1535-9484},
	number=6,
	note={Times cited: 1},
	pmid=28348172,
	publisher={American Society for Biochemistry and Molecular Biology},
	title={Database-independent Protein Sequencing (DiPS) Enables Full-length de Novo Protein and Antibody Sequence Determination.},
	volume=16,
	author={Savidor, Alon and Barzilay, Rotem and Elinger, Dalia and Yarden, Yosef and Lindzen, Moshit and Gabashvili, Alexandra and Adiv Tal, Ophir and Levin, Yishai},
	pages={1151--1161},
	date=2017,
	year=2017,
}
@article{Tran2016Complete,
	journal={Scientific Reports},
	doi={10.1038/srep31730},
	isbn={2045-2322 (Electronic)${\textbackslash}$r2045-2322 (Linking)},
	issn=20452322,
	number=31730,
	pmid=27562653,
	title={Complete de Novo Assembly of Monoclonal Antibody Sequences},
	volume=6,
	author={Tran, Ngoc Hieu and Rahman, M Ziaur and He, Lin and Xin, Lei and Shan, Baozhen and Li, Ming},
	pages={1--10},
	date=2016,
	year=2016,
}
@article{Liu2009Automated,
	journal={Bioinformatics},
	doi={10.1093/bioinformatics/btp366},
	isbn={1367-4811 (Electronic) 1367-4803 (Linking)},
	issn={1460-2059},
	number=17,
	pmid=19535534,
	title={Automated protein (re)sequencing with MS/MS and a homologous database yields almost full coverage and accuracy},
	volume=25,
	author={Liu, Xiaowen and Han, Yonghua and Yuen, Denis and Ma, Bin},
	pages={2174--2180},
	date={2009-09-01},
	year=2009,
	month=9,
	day=1,
}
@article{He2018Protein,
	journal={International Journal of Mass Spectrometry},
	doi={10.1016/j.ijms.2017.11.012},
	issn=13873806,
	publisher={Elsevier B.V.},
	title={Protein de novo sequencing by top-down and middle-down MS/MS: Limitations imposed by mass measurement accuracy and gaps in sequence coverage},
	volume=427,
	author={He, Lidong and Weisbrod, Chad R. and Marshall, Alan G.},
	pages={107--113},
	date={2018-04},
	year=2018,
	month=4,
}
@article{Macias2020Ion,
	journal={Analytical Chemistry},
	doi={10.1021/acs.analchem.9b04859},
	issn={0003-2700},
	number=1,
	pmid=31665881,
	publisher={Anal Chem},
	title={Ion Activation Methods for Peptides and Proteins},
	volume=92,
	author={Macias, Luis A. and Santos, Inês C. and Brodbelt, Jennifer S.},
	pages={227--251},
	date={2020-01-07},
	year=2020,
	month=1,
	day=7,
}
@article{Roepstorff1984Proposal,
	journal={Biomedical mass spectrometry},
	doi={10.1002/bms.1200111109},
	issn={0306-042X},
	number=11,
	pmid=6525415,
	publisher={Biomed Mass Spectrom},
	title={Proposal for a common nomenclature for sequence ions in mass spectra of peptides.},
	volume=11,
	author={Roepstorff, P. and Fohlman, J.},
	pages=601,
	date={1984-11},
	year=1984,
	month=11,
}
@article{Syka2004Peptide,
	journal={Proceedings of the National Academy of Sciences},
	doi={10.1073/pnas.0402700101},
	issn={0027-8424},
	number=26,
	pmid=15210983,
	publisher={National Academy of Sciences},
	title={Peptide and protein sequence analysis by electron transfer dissociation mass spectrometry},
	volume=101,
	author={Syka, John E. P. and Coon, Joshua J. and Schroeder, Melanie J. and Shabanowitz, Jeffrey and Hunt, Donald F.},
	pages={9528--9533},
	date={2004-06-29},
	year=2004,
	month=6,
	day=29,
}
@article{Zubarev2000Electron,
	journal={Analytical Chemistry},
	doi={10.1021/ac990811p},
	issn={0003-2700},
	number=3,
	pmid=10695143,
	publisher={Anal Chem},
	title={Electron Capture Dissociation for Structural Characterization of Multiply Charged Protein Cations},
	volume=72,
	author={Zubarev, Roman A. and Horn, David M. and Fridriksson, Einar K. and Kelleher, Neil L. and Kruger, Nathan A. and Lewis, Mark A. and Carpenter, Barry K. and McLafferty, Fred W.},
	pages={563--573},
	date={2000-02-01},
	year=2000,
	month=2,
	day=1,
}
@article{McLuckey1998Ion/ion,
	journal={Mass Spectrometry Reviews},
	doi={10.1002/(SICI)1098-2787(1998)17:6{\textless}369::AID-MAS1{\textgreater}3.0.CO;2-J},
	issn=02777037,
	number=6,
	pmid=10360331,
	title={Ion/ion chemistry of high-mass multiply charged ions},
	volume=17,
	author={McLuckey, Scott A. and Stephenson, James L.},
	pages={369--407},
	date={1998-11},
	year=1998,
	month=11,
}
@article{Brodbelt2016Ion,
	journal={Analytical Chemistry},
	doi={10.1021/acs.analchem.5b04563},
	isbn={1520-6882 (Electronic){\textbackslash}r0003-2700 (Linking)},
	issn=15206882,
	number=1,
	pmid=26630359,
	title={Ion Activation Methods for Peptides and Proteins},
	volume=88,
	author={Brodbelt, Jennifer S.},
	pages={30--51},
	date=2016,
	year=2016,
}
@article{Brodbelt2020Ultraviolet,
	journal={Chemical Reviews},
	doi={10.1021/acs.chemrev.9b00440},
	issn={0009-2665},
	number=7,
	pmid=31851501,
	publisher={American Chemical Society},
	title={Ultraviolet Photodissociation Mass Spectrometry for Analysis of Biological Molecules},
	volume=120,
	author={Brodbelt, Jennifer S. and Morrison, Lindsay J. and Santos, Inês},
	pages={3328--3380},
	date={2020-04-08},
	year=2020,
	month=4,
	day=8,
}
@article{Xiao2016Distinguishing,
	journal={Analytical Chemistry},
	doi={10.1021/acs.analchem.6b03409},
	issn=15206882,
	number=21,
	pmid=27704771,
	title={Distinguishing between Leucine and Isoleucine by Integrated LC-MS Analysis Using an Orbitrap Fusion Mass Spectrometer},
	volume=88,
	author={Xiao, Yongsheng and Vecchi, Malgorzata M. and Wen, Dingyi},
	pages={10757--10766},
	date=2016,
	year=2016,
}
@article{Kjeldsen2003Distinguishing,
	journal={Analytical Chemistry},
	doi={10.1021/ac020422m},
	issn={0003-2700},
	number=6,
	publisher={American Chemical Society},
	title={Distinguishing of Ile/Leu Amino Acid Residues in the PP3 Protein by (Hot) Electron Capture Dissociation in Fourier Transform Ion Cyclotron Resonance Mass Spectrometry},
	volume=75,
	author={Kjeldsen, Frank and Haselmann, Kim F. and Sørensen, Esben S. and Zubarev, Roman A.},
	pages={1267--1274},
	date={2003-03-01},
	year=2003,
	month=3,
	day=1,
}
@article{Horn2000Automated,
	journal={Proceedings of the National Academy of Sciences},
	doi={10.1073/pnas.97.19.10313},
	issn={0027-8424},
	number=19,
	note={Times cited: 2},
	pmid=10984529,
	publisher={National Academy of Sciences},
	title={Automated de novo sequencing of proteins by tandem high-resolution mass spectrometry},
	volume=97,
	author={Horn, D M and Zubarev, R A and McLafferty, F W},
	pages={10313--10317},
	date={2000-09-12},
	year=2000,
	month=9,
	day=12,
}
@article{Guthals2013Sequencing-grade,
	journal={Journal of Proteome Research},
	doi={10.1021/pr400173d},
	isbn={1535-3893},
	issn=15353893,
	number=6,
	pmid=23679345,
	title={Sequencing-grade de novo analysis of MS/MS triplets (CID/HCD/ETD) from overlapping peptides},
	volume=12,
	author={Guthals, Adrian and Clauser, Karl R. and Frank, Ari M. and Bandeira, Nuno},
	pages={2846--2857},
	date=2013,
	year=2013,
}
@article{Vyatkina2017De,
	journal={Proteomes},
	doi={10.3390/proteomes5010006},
	isbn={2227-7382},
	issn={2227-7382},
	number=1,
	pmid=28248257,
	title={De Novo Sequencing of Top-Down Tandem Mass Spectra: A Next Step towards Retrieving a Complete Protein Sequence.},
	volume=5,
	author={Vyatkina, Kira},
	pages=6,
	date={2017-02-08},
	year=2017,
	month=2,
	day=8,
}
@article{Datta2009Spectrum,
	journal={Journal of Computational Biology},
	doi={10.1089/cmb.2009.0122},
	issn={1066-5277},
	number=8,
	pmid=19645594,
	title={Spectrum Fusion: Using Multiple Mass Spectra for De Novo Peptide Sequencing},
	volume=16,
	author={Datta, Ritendra and Bern, Marshall},
	pages={1169--1182},
	date={2009-08},
	year=2009,
	month=8,
}
@article{Horton2017Comprehensive,
	journal={Analytical Chemistry},
	doi={10.1021/acs.analchem.7b00130},
	issn={0003-2700},
	number=6,
	title={Comprehensive de Novo Peptide Sequencing from MS/MS Pairs Generated through Complementary Collision Induced Dissociation and 351 nm Ultraviolet Photodissociation},
	volume=89,
	author={Horton, Andrew P. and Robotham, Scott A. and Cannon, Joe R. and Holden, Dustin D. and Marcotte, Edward M. and Brodbelt, Jennifer S.},
	pages={3747--3753},
	date={2017-03-21},
	year=2017,
	month=3,
	day=21,
}
@article{Bertsch2009De,
	journal={Electrophoresis},
	doi={10.1002/elps.200900332},
	issn=01730835,
	number=21,
	pmid=19862751,
	title={De novo peptide sequencing by tandem MS using complementary CID and electron transfer dissociation},
	volume=30,
	author={Bertsch, Andreas and Leinenbach, Andreas and Pervukhin, Anton and Lubeck, Markus and Hartmer, Ralf and Baessmann, Carsten and Elnakady, Yasser Abbas and Müller, Rolf and Böcker, Sebastian and Huber, Christian G and Kohlbacher, Oliver},
	pages={3736--3747},
	date={2009-11},
	year=2009,
	month=11,
}
@article{Lefranc2003IMGT,,
	journal={Nucleic Acids Research},
	doi={10.1093/nar/gkg085},
	issn=03051048,
	number=1,
	pmid=9847182,
	publisher={Oxford University Press},
	title={IMGT, the international ImMunoGeneTics database®},
	volume=31,
	author={Lefranc, Marie Paule},
	pages={307--310},
	date={2003-01-01},
	year=2003,
	month=1,
	day=1,
}
@article{Lefranc2020Immunoglobulins,
	journal={Biomedicines},
	doi={10.3390/biomedicines8090319},
	issn={2227-9059},
	number=9,
	pmid=32878258,
	publisher={Biomedicines},
	title={Immunoglobulins or Antibodies: IMGT® Bridging Genes, Structures and Functions},
	volume=8,
	author={Lefranc, Marie-Paule and Lefranc, Gérard},
	pages=319,
	date={2020-08-31},
	year=2020,
	month=8,
	day=31,
}
@article{Schmelter2017Peptides,
	journal={Human Molecular Genetics},
	doi={10.1093/hmg/ddx332},
	issn={0964-6906},
	number=22,
	pmid=29036575,
	title={Peptides of the variable IgG domain as potential biomarker candidates in primary open-angle glaucoma (POAG)},
	volume=26,
	author={Schmelter, Carsten and Perumal, Natarajan and Funke, Sebastian and Bell, Katharina and Pfeiffer, Norbert and Grus, Franz H},
	pages={4451--4464},
	date={2017-11-15},
	year=2017,
	month=11,
	day=15,
}
@article{Singh2013Cerebrospinal-fluid-derived,
	journal={Molecular & Cellular Proteomics},
	doi={10.1074/mcp.M113.030346},
	issn=15359476,
	number=12,
	pmid=23970564,
	publisher={Elsevier},
	title={Cerebrospinal-fluid-derived Immunoglobulin G of Different Multiple Sclerosis Patients Shares Mutated Sequences in Complementarity Determining Regions},
	volume=12,
	author={Singh, Vaibhav and Stoop, Marcel P. and Stingl, Christoph and Luitwieler, Ronald L. and Dekker, Lennard J. and van Duijn, Martijn M. and Kreft, Karim L. and Luider, Theo M. and Hintzen, Rogier Q.},
	pages={3924--3934},
	date={2013-12-01},
	year=2013,
	month=12,
	day=1,
}
@article{Broodman2012Mass,
	journal={Proteomics},
	doi={10.1002/pmic.201100244},
	issn=16159853,
	number=2,
	pmid=22120973,
	publisher={Proteomics},
	title={Mass spectrometry analyses of κ and λ fractions result in increased number of complementarity-determining region identifications},
	volume=12,
	author={Broodman, Ingrid and de Costa, Dominique and Stingl, Christoph and Dekker, Lennard J. M. and VanDuijn, Martijn M. and Lindemans, Jan and van Klaveren, Rob J. and Luider, Theo M.},
	pages={183--191},
	date={2012-01},
	year=2012,
	month=1,
}
@article{Costa2010Sequencing,
	journal={Journal of Proteome Research},
	doi={10.1021/pr901114w},
	issn={1535-3893},
	number=6,
	pmid=20387908,
	publisher={J Proteome Res},
	title={Sequencing and Quantifying IgG Fragments and Antigen-Binding Regions by Mass Spectrometry},
	volume=9,
	author={de Costa, Dominique and Broodman, Ingrid and VanDuijn, Martijn M. and Stingl, Christoph and Dekker, Lennard J. M. and Burgers, Peter C. and Hoogsteden, Henk C. and Sillevis Smitt, Peter A. E. and van Klaveren, Rob J. and Luider, Theo M.},
	pages={2937--2945},
	date={2010-06-04},
	year=2010,
	month=6,
	day=4,
}
@article{Tamara2021High-Resolution,
	journal={Chemical reviews},
	doi={10.1021/acs.chemrev.1c00212},
	issn={1520-6890},
	pmid=34415162,
	publisher={American Chemical Society},
	title={High-Resolution Native Mass Spectrometry.},
	author={Tamara, Sem and den Boer, Maurits A. and Heck, Albert J. R.},
	pages={acs.chemrev.1c00212},
	date={2021-08-20},
	year=2021,
	month=8,
	day=20,
}
@article{Lössl2014Boundaries,
	journal={Journal of the American Society for Mass Spectrometry},
	doi={10.1007/s13361-014-0874-3},
	issn={1044-0305},
	number=6,
	pmid=24700121,
	publisher={J Am Soc Mass Spectrom},
	title={Boundaries of Mass Resolution in Native Mass Spectrometry},
	volume=25,
	author={Lössl, Philip and Snijder, Joost and Heck, Albert J. R.},
	pages={906--917},
	date={2014-06-01},
	year=2014,
	month=6,
	day=1,
}
@article{Mao2013Top-down,
	journal={Analytical chemistry},
	doi={10.1021/ac303525n},
	issn={1520-6882},
	number=9,
	pmid=23551206,
	publisher={American Chemical Society},
	title={Top-down structural analysis of an intact monoclonal antibody by electron capture dissociation-Fourier transform ion cyclotron resonance-mass spectrometry.},
	volume=85,
	author={Mao, Yuan and Valeja, Santosh G and Rouse, Jason C and Hendrickson, Christopher L and Marshall, Alan G},
	pages={4239--4246},
	date={2013-05-07},
	year=2013,
	month=5,
	day=7,
}
@article{Tsybin2011Structural,
	journal={Analytical Chemistry},
	doi={10.1021/ac201293m},
	isbn={1520-6882 (Electronic){\textbackslash}r0003-2700 (Linking)},
	issn={0003-2700},
	number=23,
	pmid=22017162,
	title={Structural Analysis of Intact Monoclonal Antibodies by Electron Transfer Dissociation Mass Spectrometry},
	volume=83,
	author={Tsybin, Yury O and Fornelli, Luca and Stoermer, Carsten and Luebeck, Markus and Parra, Julien and Nallet, Sophie and Wurm, Florian M and Hartmer, Ralf},
	pages={8919--8927},
	date={2011-12-01},
	year=2011,
	month=12,
	day=1,
}
@article{Resemann2016Full,
	journal={mAbs},
	doi={10.1080/19420862.2015.1128607},
	issn={1942-0862},
	number=2,
	pmid=26760197,
	publisher={Taylor and Francis Inc.},
	title={Full validation of therapeutic antibody sequences by middle-up mass measurements and middle-down protein sequencing},
	volume=8,
	author={Resemann, Anja and Jabs, Wolfgang and Wiechmann, Anja and Wagner, Elsa and Colas, Olivier and Evers, Waltraud and Belau, Eckhard and Vorwerg, Lars and Evans, Catherine and Beck, Alain and Suckau, Detlev},
	pages={318--330},
	date={2016-02-17},
	year=2016,
	month=2,
	day=17,
}
@article{Greisch2021Generating,
	journal={Journal of the American Society for Mass Spectrometry},
	doi={10.1021/jasms.0c00461},
	issn={1044-0305},
	number=6,
	pmid=33570406,
	title={Generating Informative Sequence Tags from Antigen-Binding Regions of Heavily Glycosylated IgA1 Antibodies by Native Top-Down Electron Capture Dissociation},
	volume=32,
	author={Greisch, Jean-Francois and den Boer, Maurits A. and Beurskens, Frank and Schuurman, Janine and Tamara, Sem and Bondt, Albert and Heck, Albert J. R.},
	pages={1326--1335},
	date={2021-06-02},
	year=2021,
	month=6,
	day=2,
}
@article{Boer2020Selectivity,
	journal={Chemical science},
	doi={10.1039/d0sc03438j},
	issn={2041-6520},
	number=43,
	pmid=33520151,
	publisher={Royal Society of Chemistry},
	title={Selectivity over coverage in de novo sequencing of IgGs.},
	volume=11,
	author={den Boer, Maurits A. and Greisch, Jean-Francois and Tamara, Sem and Bondt, Albert and Heck, Albert J. R.},
	pages={11886--11896},
	date={2020-11-21},
	year=2020,
	month=11,
	day=21,
}
@article{Greisch2021Extending,
	journal={Analytical Chemistry},
	doi={10.1021/acs.analchem.1c03740},
	issn={0003-2700},
	number=48,
	pmid=34813704,
	title={Extending Native Top-Down Electron Capture Dissociation to MDa Immunoglobulin Complexes Provides Useful Sequence Tags Covering Their Critical Variable Complementarity-Determining Regions},
	volume=93,
	author={Greisch, Jean-Francois and den Boer, Maurits A. and Lai, Szu-Hsueh and Gallagher, Kelly and Bondt, Albert and Commandeur, Jan and Heck, Albert J.R.},
	pages={16068--16075},
	date={2021-12-07},
	year=2021,
	month=12,
	day=7,
}
@article{Spoerry2016Identification,
	journal={Journal of Biological Chemistry},
	doi={10.1074/jbc.M115.711440},
	issn=00219258,
	number=15,
	pmid=26861873,
	publisher={American Society for Biochemistry and Molecular Biology},
	title={Identification and Characterization of IgdE, a Novel IgG-degrading Protease of Streptococcus suis with Unique Specificity for Porcine IgG},
	volume=291,
	author={Spoerry, Christian and Seele, Jana and Valentin-Weigand, Peter and Baums, Christoph G. and von Pawel-Rammingen, Ulrich},
	pages={7915--7925},
	date={2016-04},
	year=2016,
	month=4,
}
@article{Lermyte2019Top,
	journal={Journal of the American Society for Mass Spectrometry},
	doi={10.1007/s13361-019-02201-x},
	issn={1044-0305},
	number=7,
	pmid=31073892,
	publisher={Springer New York LLC},
	title={Top or Middle? Up or Down? Toward a Standard Lexicon for Protein Top-Down and Allied Mass Spectrometry Approaches},
	volume=30,
	author={Lermyte, Frederik and Tsybin, Yury O. and O’Connor, Peter B. and Loo, Joseph A.},
	pages={1149--1157},
	date={2019-07-01},
	year=2019,
	month=7,
	day=1,
}
@article{Fornelli2012Analysis,
	journal={Molecular & Cellular Proteomics},
	doi={10.1074/mcp.M112.019620},
	issn=15359476,
	number=12,
	pmid=22964222,
	publisher={Mol Cell Proteomics},
	title={Analysis of Intact Monoclonal Antibody IgG1 by Electron Transfer Dissociation Orbitrap FTMS},
	volume=11,
	author={Fornelli, Luca and Damoc, Eugen and Thomas, Paul M. and Kelleher, Neil L. and Aizikov, Konstantin and Denisov, Eduard and Makarov, Alexander and Tsybin, Yury O.},
	pages={1758--1767},
	date={2012-12},
	year=2012,
	month=12,
}
@article{Fornelli2017Top-down,
	journal={Journal of proteomics},
	doi={10.1016/j.jprot.2017.02.013},
	issn={1876-7737},
	pmid=28242452,
	publisher={Elsevier B.V.},
	title={Top-down analysis of immunoglobulin G isotypes 1 and 2 with electron transfer dissociation on a high-field Orbitrap mass spectrometer.},
	volume=159,
	author={Fornelli, Luca and Ayoub, Daniel and Aizikov, Konstantin and Liu, Xiaowen and Damoc, Eugen and Pevzner, Pavel A. and Makarov, Alexander and Beck, Alain and Tsybin, Yury O.},
	pages={67--76},
	date={2017-04-21},
	year=2017,
	month=4,
	day=21,
}
@article{Fornelli2018Accurate,
	journal={Analytical Chemistry},
	doi={10.1021/acs.analchem.8b00984},
	issn={0003-2700},
	number=14,
	pmid=29894161,
	title={Accurate Sequence Analysis of a Monoclonal Antibody by Top-Down and Middle-Down Orbitrap Mass Spectrometry Applying Multiple Ion Activation Techniques},
	volume=90,
	author={Fornelli, Luca and Srzentić, Kristina and Huguet, Romain and Mullen, Christopher and Sharma, Seema and Zabrouskov, Vlad and Fellers, Ryan T. and Durbin, Kenneth R. and Compton, Philip D. and Kelleher, Neil L.},
	pages={8421--8429},
	date={2018-07-17},
	year=2018,
	month=7,
	day=17,
}
@article{Shaw2020Direct,
	journal={Analytical chemistry},
	doi={10.1021/ACS.ANALCHEM.9B03129},
	issn={1520-6882},
	number=1,
	pmid=31769659,
	publisher={Anal Chem},
	title={Direct Determination of Antibody Chain Pairing by Top-down and Middle-down Mass Spectrometry Using Electron Capture Dissociation and Ultraviolet Photodissociation},
	volume=92,
	author={Shaw, Jared B. and Liu, Weijing and Vasilev, V. Yury and Bracken, Carter C. and Malhan, Neha and Guthals, Adrian and Beckman, Joseph S. and Voinov, Valery G.},
	pages={766--773},
	date={2020-01-07},
	year=2020,
	month=1,
	day=7,
}
@article{Shaw2018Sequencing,
	journal={Analytical chemistry},
	doi={10.1021/ACS.ANALCHEM.8B01901},
	issn={1520-6882},
	number=18,
	pmid=30118589,
	publisher={Anal Chem},
	title={Sequencing Grade Tandem Mass Spectrometry for Top-Down Proteomics Using Hybrid Electron Capture Dissociation Methods in a Benchtop Orbitrap Mass Spectrometer},
	volume=90,
	author={Shaw, Jared B. and Malhan, Neha and Vasil'Ev, V. Yury and Lopez, Nathan I. and Makarov, Alexander and Beckman, Joseph S. and Voinov, Valery G.},
	pages={10819--10827},
	date={2018-09-18},
	year=2018,
	month=9,
	day=18,
}
@article{Shen2017High-resolution,
	journal={Journal of chromatography. A},
	doi={10.1016/j.chroma.2017.01.008},
	issn={1873-3778},
	pmid=28077236,
	publisher={Elsevier},
	title={High-resolution ultrahigh-pressure long column reversed-phase liquid chromatography for top-down proteomics.},
	volume=1498,
	author={Shen, Yufeng and Tolić, Nikola and Piehowski, Paul D and Shukla, Anil K and Kim, Sangtae and Zhao, Rui and Qu, Yi and Robinson, Errol and Smith, Richard D and Paša-Tolić, Ljiljana},
	pages={99--110},
	date={2017-05-19},
	year=2017,
	month=5,
	day=19,
}
@article{Ma2003PEAKS:,
	journal={Rapid Communications in Mass Spectrometry},
	doi={10.1002/rcm.1196},
	isbn={1097-0231},
	issn={0951-4198},
	number=20,
	pmid=14558135,
	title={PEAKS: powerful software for peptide de novo sequencing by tandem mass spectrometry},
	volume=17,
	author={Ma, Bin and Zhang, Kaizhong and Hendrie, Christopher and Liang, Chengzhi and Li, Ming and Doherty-Kirby, Amanda and Lajoie, Gilles},
	pages={2337--2342},
	date=2003,
	year=2003,
}
@article{Vyatkina2015De,
	journal={Journal of Proteome Research},
	doi={10.1021/pr501244v},
	issn={1535-3893},
	number=11,
	pmid=26412692,
	title={De Novo Sequencing of Peptides from Top-Down Tandem Mass Spectra},
	volume=14,
	author={Vyatkina, Kira and Wu, Si and Dekker, Lennard J. M. and VanDuijn, Martijn M. and Liu, Xiaowen and Tolić, Nikola and Dvorkin, Mikhail and Alexandrova, Sonya and Luider, Theo M. and Paša-Tolić, Ljiljana and Pevzner, Pavel A.},
	pages={4450--4462},
	date={2015-11-06},
	year=2015,
	month=11,
	day=6,
}
@article{Liu2014De,
	journal={Journal of Proteome Research},
	doi={10.1021/pr401300m},
	isbn={1535-3907 (Electronic)$\{\vphantom{\}}{\textbackslash}textbackslash\vphantom{\{}\}$r1535-3893 (Linking)},
	issn={1535-3893},
	number=7,
	note={Times cited: 1},
	pmid=24874765,
	title={De Novo Protein Sequencing by Combining Top-Down and Bottom-Up Tandem Mass Spectra},
	volume=13,
	author={Liu, Xiaowen and Dekker, Lennard J M and Wu, Si and Vanduijn, Martijn M and Luider, Theo M and Tolić, Nikola and Kou, Qiang and Dvorkin, Mikhail and Alexandrova, Sonya and Vyatkina, Kira and Paša-Tolić, Ljiljana and Pevzner, Pavel A},
	pages={3241--3248},
	date={2014-07-03},
	year=2014,
	month=7,
	day=3,
}
@article{Lavinder2015Next-generation,
	journal={Current opinion in chemical biology},
	doi={10.1016/j.cbpa.2014.11.007},
	issn={1879-0402},
	pmid=25461729,
	publisher={Elsevier Current Trends},
	title={Next-generation sequencing and protein mass spectrometry for the comprehensive analysis of human cellular and serum antibody repertoires.},
	volume=24,
	author={Lavinder, Jason J. and Horton, Andrew P. and Georgiou, George and Ippolito, Gregory C.},
	pages={112--20},
	date={2015-02-01},
	year=2015,
	month=2,
	day=1,
}
@article{Lavinder2014Identification,
	journal={Proceedings of the National Academy of Sciences},
	doi={10.1073/pnas.1317793111},
	issn={0027-8424},
	number=6,
	pmid=24469811,
	publisher={Proc Natl Acad Sci U S A},
	title={Identification and characterization of the constituent human serum antibodies elicited by vaccination},
	volume=111,
	author={Lavinder, Jason J. and Wine, Yariv and Giesecke, Claudia and Ippolito, Gregory C. and Horton, Andrew P. and Lungu, Oana I. and Hoi, Kam Hon and DeKosky, Brandon J. and Murrin, Ellen M. and Wirth, Megan M. and Ellington, Andrew D. and Dörner, Thomas and Marcotte, Edward M. and Boutz, Daniel R. and Georgiou, George},
	pages={2259--2264},
	date={2014-02-11},
	year=2014,
	month=2,
	day=11,
}
@article{Lee2016Molecular-level,
	journal={Nature Medicine},
	doi={10.1038/nm.4224},
	issn={1546170X},
	number=12,
	pmid=27820605,
	publisher={Nature Publishing Group},
	title={Molecular-level analysis of the serum antibody repertoire in young adults before and after seasonal influenza vaccination},
	volume=22,
	author={Lee, Jiwon and Boutz, Daniel R. and Chromikova, Veronika and Joyce, M. Gordon and Vollmers, Christopher and Leung, Kwanyee and Horton, Andrew P. and DeKosky, Brandon J. and Lee, Chang Han and Lavinder, Jason J. and Murrin, Ellen M. and Chrysostomou, Constantine and Hoi, Kam Hon and Tsybovsky, Yaroslav and Thomas, V. Paul and Druz, Aliaksandr and Zhang, Baoshan and Zhang, Yi and Wang, Lingshu and Kong, Wing Pui and Park, Daechan and Popova, Lyubov I. and Dekker, Cornelia L. and Davis, Mark M. and Carter, Chalise E. and Ross, Ted M. and Ellington, Andrew D. and Wilson, Patrick C. and Marcotte, Edward M. and Mascola, John R. and Ippolito, Gregory C. and Krammer, Florian and Quake, Stephen R. and Kwong, Peter D. and Georgiou, George},
	pages={1456--1464},
	date={2016-12-01},
	year=2016,
	month=12,
	day=1,
}
@article{Lee2019Persistent,
	journal={Cell Host & Microbe},
	doi={10.1016/j.chom.2019.01.010},
	issn=19313128,
	number=3,
	pmid=30795981,
	publisher={Cell Press},
	title={Persistent Antibody Clonotypes Dominate the Serum Response to Influenza over Multiple Years and Repeated Vaccinations},
	volume=25,
	author={Lee, Jiwon and Paparoditis, Philipp and Horton, Andrew P. and Frühwirth, Alexander and McDaniel, Jonathan R. and Jung, Jiwon and Boutz, Daniel R. and Hussein, Dania A. and Tanno, Yuri and Pappas, Leontios and Ippolito, Gregory C. and Corti, Davide and Lanzavecchia, Antonio and Georgiou, George},
	pages={367--376.e5},
	date={2019-03-13},
	year=2019,
	month=3,
	day=13,
}
@article{Bonissone2020Serum,
	journal={bioRxiv},
	doi={10.1101/833871},
	issn={2692-8205},
	publisher={Cold Spring Harbor Laboratory},
	title={Serum proteomics expands on high-affinity antibodies in immunized rabbits than deep B-cell repertoire sequencing alone},
	author={Bonissone, Stefano R. and Lima, Thiago and Harris, Katherine and Davison, Laura and Avanzino, Brian and Trinklein, Nathan and Castellana, Natalie and Patel, Anand},
	pages=833871,
	date={2020-01-31},
	year=2020,
	month=1,
	day=31,
}
@article{Gilchuk2021Proteo-Genomic,
	journal={Frontiers in Immunology},
	doi={10.3389/fimmu.2021.706757},
	issn={1664-3224},
	pmid=34335620,
	publisher={Frontiers Media S.A.},
	title={Proteo-Genomic Analysis Identifies Two Major Sites of Vulnerability on Ebolavirus Glycoprotein for Neutralizing Antibodies in Convalescent Human Plasma},
	volume=12,
	author={Gilchuk, Pavlo and Guthals, Adrian and Bonissone, Stefano R. and Shaw, Jared B. and Ilinykh, Philipp A. and Huang, Kai and Bombardi, Robin G. and Liang, Jenny and Grinyo, Ariadna and Davidson, Edgar and Chen, Elaine C. and Gunn, Bronwyn M. and Alter, Galit and Saphire, Erica Ollmann and Doranz, Benjamin J. and Bukreyev, Alexander and Zeitlin, Larry and Castellana, Natalie and Crowe, James E.},
	pages=706757,
	date={2021-07-16},
	year=2021,
	month=7,
	day=16,
}
@article{Cha2017Antibody,
	journal={Molecular & Cellular Proteomics},
	doi={10.1074/mcp.ra117.000397},
	issn=15359476,
	number=12,
	pmid=29046389,
	publisher={American Society for Biochemistry and Molecular Biology},
	title={The Antibody Repertoire of Colorectal Cancer},
	volume=16,
	author={Cha, Seong Won and Bonissone, Stefano and Na, Seungjin and Pevzner, Pavel A. and Bafna, Vineet},
	pages={2111--2124},
	date={2017-12-01},
	year=2017,
	month=12,
	day=1,
}
@article{Safonova2015IgRepertoireConstructor:,
	journal={Bioinformatics},
	doi={10.1093/bioinformatics/btv238},
	issn={1367-4803},
	number=12,
	pmid=26072509,
	publisher={Oxford University Press},
	title={IgRepertoireConstructor: a novel algorithm for antibody repertoire construction and immunoproteogenomics analysis},
	volume=31,
	author={Safonova, Yana and Bonissone, Stefano and Kurpilyansky, Eugene and Starostina, Ekaterina and Lapidus, Alla and Stinson, Jeremy and DePalatis, Laura and Sandoval, Wendy and Lill, Jennie and Pevzner, Pavel A.},
	pages={i53--i61},
	date={2015-06-15},
	year=2015,
	month=6,
	day=15,
}
@article{Bonissone2016Immunoglobulin,
	journal={Journal of Computational Biology},
	doi={10.1089/cmb.2016.0010},
	issn={1066-5277},
	number=6,
	pmid=27149636,
	publisher={Mary Ann Liebert, Inc.},
	title={Immunoglobulin Classification Using the Colored Antibody Graph},
	volume=23,
	author={Bonissone, Stefano R. and Pevzner, Pavel A.},
	pages={483--494},
	date={2016-06-01},
	year=2016,
	month=6,
	day=1,
}
@article{He2017Analysis,
	journal={Journal of the American Society for Mass Spectrometry},
	doi={10.1007/s13361-017-1602-6},
	issn={1044-0305},
	number=5,
	pmid=28247297,
	title={Analysis of Monoclonal Antibodies in Human Serum as a Model for Clinical Monoclonal Gammopathy by Use of 21 Tesla FT-ICR Top-Down and Middle-Down MS/MS},
	volume=28,
	author={He, Lidong and Anderson, Lissa C. and Barnidge, David R. and Murray, David L. and Hendrickson, Christopher L. and Marshall, Alan G.},
	pages={827--838},
	date={2017-05-01},
	year=2017,
	month=5,
	day=1,
}
@article{He2019Classification,
	journal={Analytical Chemistry},
	doi={10.1021/acs.analchem.8b03294},
	issn={0003-2700},
	number=5,
	pmid=30801187,
	title={Classification of Plasma Cell Disorders by 21 Tesla Fourier Transform Ion Cyclotron Resonance Top-Down and Middle-Down MS/MS Analysis of Monoclonal Immunoglobulin Light Chains in Human Serum},
	volume=91,
	author={He, Lidong and Anderson, Lissa C. and Barnidge, David R. and Murray, David L. and Dasari, Surendra and Dispenzieri, Angela and Hendrickson, Christopher L. and Marshall, Alan G.},
	pages={3263--3269},
	date={2019-03-05},
	year=2019,
	month=3,
	day=5,
}
@article{Mills2015Detecting,
	journal={Methods},
	doi={10.1016/j.ymeth.2015.04.020},
	issn=10462023,
	pmid=25916620,
	publisher={Elsevier Inc.},
	title={Detecting monoclonal immunoglobulins in human serum using mass spectrometry},
	volume=81,
	author={Mills, John R. and Barnidge, David R. and Murray, David L.},
	pages={56--65},
	date={2015-06},
	year=2015,
	month=6,
}
@article{Sharpley2019novel,
	journal={Blood Cancer Journal},
	doi={10.1038/s41408-019-0180-1},
	issn={2044-5385},
	number=2,
	pmid=30718462,
	publisher={Springer US},
	title={A novel mass spectrometry method to identify the serum monoclonal light chain component in systemic light chain amyloidosis},
	volume=9,
	author={Sharpley, Faye A. and Manwani, Richa and Mahmood, Shameem and Sachchithanantham, Sajitha and Lachmann, Helen J. and Gillmore, Julian D. and Whelan, Carol J. and Fontana, Marianna and Hawkins, Philip N. and Wechalekar, Ashutosh D.},
	pages=16,
	date={2019-02-04},
	year=2019,
	month=2,
	day=4,
}
@article{Dupré2021De,
	journal={Analytical Chemistry},
	doi={10.1021/acs.analchem.1c01955},
	issn=15206882,
	number=30,
	pmid=34292722,
	publisher={American Chemical Society},
	title={De Novo Sequencing of Antibody Light Chain Proteoforms from Patients with Multiple Myeloma},
	volume=93,
	author={Dupré, Mathieu and Duchateau, Magalie and Sternke-Hoffmann, Rebecca and Boquoi, Amelie and Malosse, Christian and Fenk, Roland and Haas, Rainer and Buell, Alexander K. and Rey, Martial and Chamot-Rooke, Julia},
	pages={10627--10634},
	date={2021-08-03},
	year=2021,
	month=8,
	day=3,
}
@article{Wang2019Top-down,
	journal={Scientific reports},
	doi={10.1038/s41598-018-38380-y},
	isbn=4159801838,
	issn={2045-2322},
	number=1,
	pmid=30787393,
	title={Top-down Mass Spectrometry Analysis of Human Serum Autoantibody Antigen-Binding Fragments.},
	volume=9,
	author={Wang, Zhe and Liu, Xiaowen and Muther, Jennifer and James, Judith A. and Smith, Kenneth and Wu, Si},
	pages=2345,
	date={2019-12-20},
	year=2019,
	month=12,
	day=20,
}
@article{Melani2022Next-Generation,
	journal={Journal of Proteome Research},
	doi={10.1021/acs.jproteome.1c00882},
	issn=15353907,
	number=1,
	pmid=34268518,
	publisher={American Chemical Society},
	title={Next-Generation Serology by Mass Spectrometry: Readout of the SARS-CoV-2 Antibody Repertoire},
	volume=21,
	author={Melani, Rafael D. and Des Soye, Benjamin J. and Kafader, Jared O. and Forte, Eleonora and Hollas, Michael and Blagojevic, Voislav and Negrão, Fernanda and McGee, John P. and Drown, Bryon and Lloyd-Jones, Cameron and Seckler, Henrique S. and Camarillo, Jeannie M. and Compton, Philip D. and LeDuc, Richard D. and Early, Bryan and Fellers, Ryan T. and Cho, Byoung Kyu and Mattamana, Basil Baby and Goo, Young Ah and Thomas, Paul M. and Ash, Michelle K. and Bhimalli, Pavan P. and Al-Harthi, Lena and Sha, Beverly E. and Schneider, Jeffrey R. and Kelleher, Neil L.},
	pages={274--288},
	date={2022-01-07},
	year=2022,
	month=1,
	day=7,
}
@article{Kafader2020Multiplexed,
	journal={Nature methods},
	doi={10.1038/s41592-020-0764-5},
	issn={1548-7105},
	number=4,
	pmid=32123391,
	publisher={Nat Methods},
	title={Multiplexed mass spectrometry of individual ions improves measurement of proteoforms and their complexes.},
	volume=17,
	author={Kafader, Jared O. and Melani, Rafael D. and Durbin, Kenneth R. and Ikwuagwu, Bon and Early, Bryan P. and Fellers, Ryan T. and Beu, Steven C. and Zabrouskov, Vlad and Makarov, Alexander A. and Maze, Joshua T. and Shinholt, Deven L. and Yip, Ping F. and Tullman-Ercek, Danielle and Senko, Michael W. and Compton, Philip D. and Kelleher, Neil L.},
	pages={391--394},
	date={2020-04-01},
	year=2020,
	month=4,
	day=1,
}
@article{Kitaura2017Different,
	journal={Frontiers in immunology},
	doi={10.3389/fimmu.2017.00389},
	issn={1664-3224},
	number={May},
	pmid=28515723,
	publisher={Frontiers Media S.A.},
	title={Different Somatic Hypermutation Levels among Antibody Subclasses Disclosed by a New Next-Generation Sequencing-Based Antibody Repertoire Analysis.},
	volume=8,
	author={Kitaura, Kazutaka and Yamashita, Hiroshi and Ayabe, Hitomi and Shini, Tadasu and Matsutani, Takaji and Suzuki, Ryuji},
	pages=389,
	date={2017-05-03},
	year=2017,
	month=5,
	day=3,
}
@article{Bondt2021Direct,
	journal={Frontiers in Immunology},
	doi={10.3389/fimmu.2021.789748},
	issn={1664-3224},
	pmid=34938298,
	publisher={Frontiers},
	title={A Direct MS-Based Approach to Profile Human Milk Secretory Immunoglobulin A (IgA1) Reveals Donor-Specific Clonal Repertoires With High Longitudinal Stability},
	volume=12,
	author={Bondt, Albert and Dingess, Kelly A. and Hoek, Max and van Rijswijck, Danique M. H. and Heck, Albert J. R.},
	pages=5190,
	date={2021-12-06},
	year=2021,
	month=12,
	day=6,
}
@article{Haan2020Monitoring,
	journal={Glycobiology},
	doi={10.1093/glycob/cwz048},
	issn={1460-2423},
	number=4,
	pmid=31281930,
	publisher={Glycobiology},
	title={Monitoring of immunoglobulin N- and O-glycosylation in health and disease},
	volume=30,
	author={de Haan, Noortje and Falck, David and Wuhrer, Manfred},
	pages={226--240},
	date={2020-03-20},
	year=2020,
	month=3,
	day=20,
}
@article{Yan2018Structure,
	journal={mAbs},
	doi={10.1080/19420862.2018.1478646},
	issn={1942-0862},
	number=6,
	pmid=29958069,
	publisher={MAbs},
	title={Structure Based Prediction of Asparagine Deamidation Propensity in Monoclonal Antibodies},
	volume=10,
	author={Yan, Qingrong and Huang, Maggie and Lewis, Michael J. and Hu, Ping},
	pages={901--912},
	date={2018-08-18},
	year=2018,
	month=8,
	day=18,
}
@article{Beyer2018Microheterogeneity,
	journal={Biotechnology Journal},
	doi={10.1002/biot.201700476},
	issn=18606768,
	number=1,
	pmid=28862393,
	publisher={Biotechnol J},
	title={Microheterogeneity of Recombinant Antibodies: Analytics and Functional Impact},
	volume=13,
	author={Beyer, Beate and Schuster, Manfred and Jungbauer, Alois and Lingg, Nico},
	pages=1700476,
	date={2018-01-01},
	year=2018,
	month=1,
	day=1,
}
@incollection{Aristotle1908Metaphysics,
	series={Aristotle's Metaphysics},
	booktitle={Metaphysics},
	publisher={Clarendon Press},
	address={Oxford (UK)},
	title={Metaphysics},
	volume={VIII},
	author={Aristotle},
	editor={Ross, W. D.},
	pages={1045a.8–10},
	date=1908,
	year=1908,
}



@article{He2018protein,
  author    = {He, Lidong and Weisbrod, Chad R and Marshall, Alan G},
  doi       = {10.1016/j.ijms.2017.11.012},
  issn      = {13873806},
  journal   = {International Journal of Mass Spectrometry},
  keywords  = {Antibody,CDR,Complementarity-determining region,FR,FT-ICR,FTMS,Fourier transform,Framework region,ICR,Ion cyclotron resonance,Mass accuracy,mAb},
  month     = {apr},
  pages     = {107--113},
  publisher = {Elsevier B.V.},
  title     = {{Protein de novo sequencing by top-down and middle-down MS/MS: Limitations imposed by mass measurement accuracy and gaps in sequence coverage}},
  url       = {https://doi.org/10.1016/j.ijms.2017.11.012 https://linkinghub.elsevier.com/retrieve/pii/S1387380617302543},
  volume    = {427},
  year      = {2018}
}




@article{Roepstorff1984Proposal,
  author    = {Roepstorff, P. and Fohlman, J.},
  doi       = {10.1002/BMS.1200111109},
  issn      = {0306-042X},
  journal   = {Biomedical mass spectrometry},
  keywords  = {J Fohlman,Letter,MEDLINE,Mass Spectrometry,NCBI,NIH,NLM,National Center for Biotechnology Information,National Institutes of Health,National Library of Medicine,P Roepstorff,Peptides / analysis*,PubMed Abstract,Terminology as Topic,doi:10.1002/bms.1200111109,pmid:6525415},
  number    = {11},
  pages     = {601--601},
  pmid      = {6525415},
  publisher = {Biomed Mass Spectrom},
  title     = {{Proposal for a common nomenclature for sequence ions in mass spectra of peptides}},
  url       = {https://pubmed.ncbi.nlm.nih.gov/6525415/},
  volume    = {11},
  year      = {1984}
}

@article{Shaw2020direct,
  abstract  = {One challenge associated with the discovery and development of monoclonal antibody (mAb) therapeutics is the determination of heavy chain and light chain pairing. Advances in MS instrumentation and...},
  author    = {Shaw, Jared B. and Liu, Weijing and Vasil′ev, Yury V. and Bracken, Carter C. and Malhan, Neha and Guthals, Adrian and Beckman, Joseph S. and Voinov, Valery G.},
  doi       = {10.1021/acs.analchem.9b03129},
  file      = {:C$\backslash$:/Users/3765563/AppData/Local/Mendeley Ltd./Mendeley Desktop/Downloaded/Shaw et al. - 2020 - Direct Determination of Antibody Chain Pairing by Top-down and Middle-down Mass Spectrometry Using Electron Capt(2).pdf:pdf},
  issn      = {0003-2700},
  journal   = {Analytical Chemistry},
  month     = {jan},
  number    = {1},
  pages     = {766--773},
  publisher = {American Chemical Society},
  title     = {{Direct Determination of Antibody Chain Pairing by Top-down and Middle-down Mass Spectrometry Using Electron Capture Dissociation and Ultraviolet Photodissociation}},
  url       = {https://pubs.acs.org/doi/10.1021/acs.analchem.9b03129},
  volume    = {92},
  year      = {2020}
}



@article{Shaw2018sequencing,
  author    = {Shaw, Jared B and Malhan, Neha and Vasil'Ev, Yury V and Lopez, Nathan I and Makarov, Alexander and Beckman, Joseph S and Voinov, Valery G},
  doi       = {10.1021/ACS.ANALCHEM.8B01901},
  issn      = {1520-6882},
  journal   = {Analytical chemistry},
  month     = {sep},
  number    = {18},
  pages     = {10819--10827},
  publisher = {Anal Chem},
  title     = {{Sequencing Grade Tandem Mass Spectrometry for Top-Down Proteomics Using Hybrid Electron Capture Dissociation Methods in a Benchtop Orbitrap Mass Spectrometer}},
  url       = {https://pubmed.ncbi.nlm.nih.gov/30118589/},
  volume    = {90},
  year      = {2018}
}


@misc{Georgiou2014promise,
  abstract  = {Efforts to determine the antibody repertoire encoded by B cells in the blood or lymphoid organs using high-throughput DNA sequencing technologies have been advancing at an extremely rapid pace and are transforming our understanding of humoral immune responses. Information gained from high-throughput DNA sequencing of immunoglobulin genes (Ig-seq) can be applied to detect B-cell malignancies with high sensitivity, to discover antibodies specific for antigens of interest, to guide vaccine development and to understand autoimmunity. Rapid progress in the development of experimental protocols and informatics analysis tools is helping to reduce sequencing artifacts, to achieve more precise quantification of clonal diversity and to extract the most pertinent biological information. That said, broader application of Ig-seq, especially in clinical settings, will require the development of a standardized experimental design framework that will enable the sharing and meta-analysis of sequencing data generated by different laboratories. {\textcopyright} 2014 Nature America, Inc. All rights reserved.},
  author    = {Georgiou, George and Ippolito, Gregory C. and Beausang, John and Busse, Christian E. and Wardemann, Hedda and Quake, Stephen R.},
  booktitle = {Nature Biotechnology},
  doi       = {10.1038/nbt.2782},
  file      = {:C$\backslash$:/Users/3765563/AppData/Local/Mendeley Ltd./Mendeley Desktop/Downloaded/Georgiou et al. - 2014 - The promise and challenge of high-throughput sequencing of the antibody repertoire(2).pdf:pdf},
  issn      = {10870156},
  keywords  = {Antibody isolation and purification,Applied immunology,B cells,Immunogenetics},
  month     = {feb},
  number    = {2},
  pages     = {158--168},
  pmid      = {24441474},
  publisher = {Nature Publishing Group},
  title     = {{The promise and challenge of high-throughput sequencing of the antibody repertoire}},
  url       = {https://www.nature.com/articles/nbt.2782},
  volume    = {32},
  year      = {2014}
}


@article{Schilling2003MS2Assign,
	journal={Journal of the American Society for Mass Spectrometry},
	doi={10.1016/S1044-0305(03)00327-1},
	issn={1879-1123},
	number=8,
	note={Young MM 2003 XL names MS2Assign automated assignment and nomenclature of tandem mass spectra of chemically crosslinked peptides},
	title={MS2Assign, automated assignment and nomenclature of tandem mass spectra of chemically crosslinked peptides},
	volume=14,
	author={Schilling, Birgit and Row, Richard H and Gibson, Bradford W and Guo, Xin and Young, Malin M},
	pages={834--850},
	date=2003,
	year=2003,
}
@article{Fagerlund2017Spacer,
	journal={Proceedings of the National Academy of Sciences},
	doi={10.1073/pnas.1618421114},
	isbn=1215421109,
	issn={0027-8424},
	number=26,
	pmid=28611213,
	title={Spacer capture and integration by a type I-F Cas1–Cas2-3 CRISPR adaptation complex},
	volume=114,
	author={Fagerlund, Robert D. and Wilkinson, Max E. and Klykov, Oleg and Barendregt, Arjan and Pearce, F. Grant and Kieper, Sebastian N. and Maxwell, Howard W. R. and Capolupo, Angela and Heck, Albert J. R. and Krause, Kurt L. and Bostina, Mihnea and Scheltema, Richard A. and Staals, Raymond H. J. and Fineran, Peter C.},
	pages={5122--5128},
	date=2017,
	year=2017,
}
@article{Benda2014Structural,
	journal={Molecular Cell},
	doi={10.1016/j.molcel.2014.09.002},
	issn=10972765,
	number=1,
	title={Structural Model of a CRISPR RNA-Silencing Complex Reveals the RNA-Target Cleavage Activity in Cmr4},
	volume=56,
	author={Benda, Christian and Ebert, Judith and Scheltema, Richard A. and Schiller, Herbert B. and Baumgärtner, Marc and Bonneau, Fabien and Mann, Matthias and Conti, Elena},
	pages={43--54},
	date=2014,
	year=2014,
}
@article{Joachimiak2014structural,
	journal={Cell},
	doi={10.1016/j.cell.2014.10.042},
	issn={1097-4172 (Electronic)${\textbackslash}$r0092-8674 (Linking)},
	number=5,
	title={The structural basis of substrate recognition by the eukaryotic chaperonin TRiC/CCT},
	volume=159,
	author={Joachimiak, Lukasz A and Walzthoeni, Thomas and Liu, Corey W and Aebersold, Ruedi and Frydman, Judith},
	pages={1042--1055},
	date=2014,
	year=2014,
}
@article{Herzog2012Structural,
	journal={Science},
	doi={10.1126/science.1221483},
	issn={1095-9203 (Electronic)${\textbackslash}$r0036-8075 (Linking)},
	number=6100,
	note={From Duplicate 1 (Structural Probing of a Protein Phosphatase 2A Network by Chemical Cross-Linking and Mass Spectrometry - Herzog, F.; Kahraman, a.; Boehringer, D.; Mak, R.; Bracher, a.; Walzthoeni, T.; Leitner, a.; Beck, M.; Hartl, F.-U.; Ban, N.; Malmstrom, L.; Aebersold, R.)

AP-XL-MS

From Duplicate 2 (Structural Probing of a Protein Phosphatase 2A Network by Chemical Cross-Linking and Mass Spectrometry - Herzog, F.; Kahraman, A.; Boehringer, D.; Mak, R.; Bracher, A.; Walzthoeni, T.; Leitner, A.; Beck, M.; Hartl, F.-U.; Ban, N.; Malmstrom, L.; Aebersold, R.)

Supplemental to Crosslinking on the beads

ROSETTA here for modelling},
	title={Structural Probing of a Protein Phosphatase 2A Network by Chemical Cross-Linking and Mass Spectrometry},
	volume=337,
	author={Herzog, F and Kahraman, A and Boehringer, D and Mak, R and Bracher, A and Walzthoeni, T and Leitner, A and Beck, M and Hartl, F.-U. and Ban, N and Malmstrom, L and Aebersold, R},
	pages={1348--1352},
	date=2012,
	year=2012,
}
@article{Chen2010Architecture,
	journal={The EMBO journal},
	doi={10.1038/emboj.2009.401},
	issn={0261-4189},
	number=4,
	note={TFIF docking to RNA polymerase complex
SCX},
	publisher={Nature Publishing Group},
	title={Architecture of the RNA polymerase II-TFIIF complex revealed by cross-linking and mass spectrometry.},
	volume=29,
	author={Chen, Zhuo Angel and Jawhari, Anass and Fischer, Lutz and Buchen, Claudia and Tahir, Salman and Kamenski, Tomislav and Rasmussen, Morten and Lariviere, Laurent and Bukowski-Wills, Jimi-Carlo and Nilges, Michael and Cramer, Patrick and Rappsilber, Juri},
	pages={717--726},
	date=2010,
	year=2010,
}
@article{Armony2016Cross-linking,
	journal={Proceedings of the National Academy of Sciences},
	doi={10.1073/pnas.1608424113},
	number=47,
	note={Gad Armony
laminin XL

SDH and BS3},
	title={Cross-linking reveals laminin coiled-coil architecture},
	volume=113,
	author={Armony, Gad and Jacob, Etai and Moran, Toot and Levin, Yishai and Mehlman, Tevie and Levy, Yaakov and Fass, Deborah},
	pages=201608424,
	date=2016,
	year=2016,
}
@article{Hosp2015Double-Barrel,
	journal={Molecular & Cellular Proteomics},
	doi={10.1074/},
	number=7,
	title={A Double-Barrel Liquid Chromatography- Tandem Mass Spectrometry (LC-MS/MS) System to Quantify 96 Interactomes per Day},
	volume=14,
	author={Hosp, Fabian and Scheltema, Richard A. and Eberl, H. Christian and Kulak, Nils A. and Keilhauer, Eva C. and Mayr, Korbinian and Mann, Matthias},
	pages={2030--2041},
	date=2015,
	year=2015,
}
@article{Kao2011Development,
	journal={Molecular & Cellular Proteomics},
	doi={10.1074/mcp.M110.002212},
	number=1,
	note={From Duplicate 1 (Development of a Novel Cross-linking Strategy for Fast and Accurate Identification of Cross-linked Peptides of Protein Complexes - Kao, Athit; Chiu, Chi-li; Vellucci, Danielle; Yang, Yingying; Patel, Vishal R; Guan, Shenheng; Randall, Arlo; Baldi, Pierre; Rychnovsky, Scott D; Huang, Lan)

10.1074/mcp.M110.002212},
	title={Development of a Novel Cross-linking Strategy for Fast and Accurate Identification of Cross-linked Peptides of Protein Complexes},
	volume=10,
	author={Kao, Athit and Chiu, C.-l. Chi-li and Vellucci, Danielle and Yang, Yingying and Patel, Vishal R and Guan, Shenheng and Randall, Arlo and Baldi, Pierre and Rychnovsky, Scott D and Huang, Lan},
	pages={M110.002212---M110.002212},
	date={2011-01},
	year=2011,
	month=1,
}
@article{Liu2015Proteome-wide,
	journal={Nat Meth},
	issn={1548-7091},
	number=12,
	publisher={Nature Publishing Group, a division of Macmillan Publishers Limited. All Rights Reserved.},
	title={Proteome-wide profiling of protein assemblies by cross-linking mass spectrometry},
	volume=12,
	author={Liu, Fan and Rijkers, Dirk T S and Post, Harm and Heck, Albert J R},
	pages={1179--1184},
	date={2015-12},
	year=2015,
	month=12,
}
@article{Liu2017Optimized,
	journal={Nature Communications},
	doi={10.1038/ncomms15473},
	issn=20411723,
	number={May},
	pmid=28524877,
	title={Optimized fragmentation schemes and data analysis strategies for proteome-wide cross-link identification},
	volume=8,
	author={Liu, Fan and Lössl, Philip and Scheltema, Richard and Viner, Rosa and Heck, Albert J R},
	date=2017,
	year=2017,
}
@article{Schweppe2017Mitochondrial,
	journal={Proceedings of the National Academy of Sciences of the United States of America},
	doi={10.1073/pnas.1617220114},
	number=7,
	title={Mitochondrial protein interactome elucidated by chemical cross-linking mass spectrometry.},
	volume=114,
	author={Schweppe, Devin K and Chavez, Juan D and Lee, Chi Fung and Caudal, Arianne and Kruse, Shane E and Stuppard, Rudy and Marcinek, David J and Shadel, Gerald S and Tian, Rong and Bruce, James E},
	pages={1732--1737},
	date=2017,
	year=2017,
}
@article{Belsom2017Complementary,
	journal={Analytical Chemistry},
	doi={10.1021/acs.analchem.6b04938},
	number=10,
	note={Rappsilber 2017 Complementary Benzophenone Cross-Linking Mass Spectrometry Photochemistry

Potential for de novo modelling
High-density crosslinking},
	title={Complementary Benzophenone Cross-Linking/Mass Spectrometry Photochemistry},
	volume=89,
	author={Belsom, Adam and Mudd, Gemma and Giese, Sven and Auer, Manfred and Rappsilber, Juri},
	pages={5319--5324},
	date=2017,
	year=2017,
}
@article{Shannon2003Cytoscape:,
	journal={Genome research},
	doi={10.1101/gr.1239303},
	isbn={1088-9051 (Print) 1088-9051 (Linking)},
	issn={1088-9051},
	number=11,
	pmid=14597658,
	title={Cytoscape: a software environment for integrated models of biomolecular interaction networks.},
	volume=13,
	author={Shannon, Paul and Markiel, Andrew and Ozier, Owen and Baliga, Nitin S and Wang, Jonathan T and Ramage, Daniel and Amin, Nada and Schwikowski, Benno and Ideker, Trey},
	pages={2498--504},
	date={2003-11},
	year=2003,
	month=11,
}
@article{Cline2007Integration,
	journal={Nature protocols},
	doi={10.1038/nprot.2007.324.Integration},
	issn={1754-2189},
	number=10,
	title={Integration of biological networks and gene expression data using Cytoscape},
	volume=2,
	author={Cline, S Melissa and Smoot, Michael and Cerami, Ethan and Kuchinsky, Allan and Landys, Nerius and Workman, Chris and Christmas, Rowan and Avila-campilo, Iliana and Creech, Michael and Gross, Benjamin and Hanspers, Kristina and Isserlin, Ruth and Kelley, Ryan and Killcoyne, Sarah and Lotia, Samad and Maere, Steven and Morris, John and Ono, Keiichiro and Pavlovic, Vuk and Pico, Alexander R and Vailaya, Aditya and Wang, Peng-Liang and Adler, Annette and Conklin, Bruce R and Hood, Leroy and Kuiper, Martin and Sander, Chris and Schmulevich, Ilya and Schwikowski, Benno and Warner, Guy J and Ideker, Trey and Bader, Gary D},
	pages={2366--2382},
	date=2007,
	year=2007,
}
@article{Bastian2009Gephi:,
	journal={Third International AAAI Conference on Weblogs and Social Media},
	doi={10.1136/qshc.2004.010033},
	isbn={978-1-57735-421-5},
	issn=14753898,
	pmid=1000044483,
	title={Gephi: An Open Source Software for Exploring and Manipulating Networks},
	author={Bastian, Mathieu and Heymann, Sebastien and Jacomy, Mathieu},
	pages={361--362},
	date=2009,
	year=2009,
}
@article{Agapito2013Visualization,
	journal={BMC Bioinformatics},
	doi={10.1186/1471-2105-14-S1-S1},
	issn=14712105,
	number={SUPPL.1},
	pmid=23368786,
	publisher={BioMed Central Ltd},
	title={Visualization of protein interaction networks: Problems and solutions},
	volume=14,
	author={Agapito, Giuseppe and Guzzi, Pietro H and Cannataro, Mario},
	pages={S1},
	date=2013,
	year=2013,
}
@article{Courcelles2017CLMSVault:,
	journal={Journal of Proteome Research},
	doi={10.1021/acs.jproteome.7b00205},
	number=7,
	note={Tyers 2017 CLMSVault A Software Suite for Protein Cross-Linking Mass-Spectrometry Data Analysis and Visualization

Just an integration of the xTract to the CLMS vault},
	title={CLMSVault: A Software Suite for Protein Cross-Linking Mass-Spectrometry Data Analysis and Visualization},
	volume=16,
	author={Courcelles, Mathieu and Coulombe-Huntington, Jasmin and Cossette, Émilie and Gingras, Anne Claude and Thibault, Pierre and Tyers, Mike},
	pages={2645--2652},
	date=2017,
	year=2017,
}
@article{Heymann2008MSX-3D:,
	journal={Bioinformatics},
	doi={10.1093/bioinformatics/btn510},
	isbn={1367-4811 (Electronic){\textbackslash}r1367-4803 (Linking)},
	issn=13674803,
	number=23,
	pmid=18826958,
	title={MSX-3D: A tool to validate 3D protein models using mass spectrometry},
	volume=24,
	author={Heymann, Michaël and Paramelle, David and Subra, Gilles and Forest, Eric and Martinez, Jean and Geourjon, Christophe and Deléage, Gilbert},
	pages={2782--2783},
	date=2008,
	year=2008,
}
@article{Kahraman2011Xwalk:,
	journal={Bioinformatics},
	doi={10.1093/bioinformatics/btr348},
	isbn={1367-4811 (Electronic){\textbackslash}r1367-4803 (Linking)},
	issn=13674803,
	number=15,
	pmid=21666267,
	title={Xwalk: Computing and visualizing distances in cross-linking experiments},
	volume=27,
	author={Kahraman, Abdullah and Malmström, Lars and Aebersold, Ruedi},
	pages={2163--2164},
	date=2011,
	year=2011,
}
@article{Kosinski2015Xlink,
	journal={Journal of Structural Biology},
	doi={10.1016/j.jsb.2015.01.014},
	isbn={1095-8657 (Electronic){\textbackslash}r1047-8477 (Linking)},
	issn=10958657,
	number=3,
	pmid=25661704,
	title={Xlink analyzer: Software for analysis and visualization of cross-linking data in the context of three-dimensional structures},
	volume=189,
	author={Kosinski, Jan and von Appen, Alexander and Ori, Alessandro and Karius, Kai and Müller, Christoph W and Beck, Martin},
	pages={177--183},
	date=2015,
	year=2015,
}
@article{Lima2015SIM-XL:,
	journal={Journal of Proteomics},
	doi={10.1016/j.jprot.2015.01.013},
	isbn={1874-3919},
	issn=18767737,
	pmid=25638023,
	publisher={Elsevier B.V.},
	title={SIM-XL: A powerful and user-friendly tool for peptide cross-linking analysis},
	volume=129,
	author={Lima, Diogo B. and de Lima, Tatiani B. and Balbuena, Tiago S. and Neves-Ferreira, Ana Gisele C. and Barbosa, Valmir C. and Gozzo, Fábio C. and Carvalho, Paulo C. and Gisele, Ana and Neves-Ferreira, C and Barbosa, Valmir C. and Gozzo, Fábio C. and Carvalho, Paulo C.},
	pages={51--55},
	date=2015,
	year=2015,
}
@article{Riffle2016ProXL,
	journal={Journal of proteome research},
	doi={10.1021/acs.jproteome.6b00274},
	note={Davis 2016 ProXL (Protein Cross-linking Database) a platform for analysis, visualization, and sharing of protein cross-linking mass spectrometry data},
	title={ProXL (Protein Cross-linking Database): a platform for analysis, visualization, and sharing of protein cross-linking mass spectrometry data.},
	author={Riffle, Michael and Jaschob, Daniel and Zelter, Alex and Davis, Trisha N},
	date=2016,
	year=2016,
}
@article{Schweppe2015XLmap:,
	journal={Bioinformatics},
	doi={10.1093/bioinformatics/btv519},
	isbn={1367-4811 (Electronic) 1367-4803 (Linking)},
	issn=14602059,
	number=2,
	pmid=26411867,
	title={XLmap: An R package to visualize and score protein structure models based on sites of protein cross-linking},
	volume=32,
	author={Schweppe, Devin K and Chavez, Juan D and Bruce, James E},
	pages={306--308},
	date=2015,
	year=2015,
}
@article{Schweppe2016XLinkDB,
	journal={Bioinformatics},
	doi={10.1093/bioinformatics/btw232},
	number=17,
	note={From Duplicate 1 (XLinkDB 2.0: Integrated, large-scale structural analysis of protein crosslinking data - Schweppe, Devin K.; Zheng, Chunxiang; Chavez, Juan D.; Navare, Arti T.; Wu, Xia; Eng, Jimmy K.; Bruce, James E.)

Bruce 2016 XLinkDB 20 integrated, large-scale structural analysis of protein crosslinking data

From Duplicate 2 (Bruce 2016 XLinkDB 20 integrated, large-scale structural analysis of protein crosslinking data Supp - )

Bruce 2016 XLinkDB 20 integrated, large-scale structural analysis of protein crosslinking data Supp},
	title={XLinkDB 2.0: Integrated, large-scale structural analysis of protein crosslinking data},
	volume=32,
	author={Schweppe, Devin K and Zheng, Chunxiang and Chavez, Juan D and Navare, Arti T and Wu, Xia and Eng, Jimmy K and Bruce, James E},
	pages={2716--2718},
	date=2016,
	year=2016,
}
@article{Solis-Mezarino2017CompleXView:,
	journal={Nucleic Acids Research},
	doi={10.1093/nar/gkx411},
	issn=13624962,
	number={W1},
	pmid=28498958,
	title={CompleXView: A server for the interpretation of protein abundance and connectivity information to identify protein complexes},
	volume=45,
	author={Solis-Mezarino, Victor and Herzog, Franz},
	pages={W276--W284},
	date=2017,
	year=2017,
}
@article{Combe2015xiNET:,
	journal={Molecular & Cellular Proteomics},
	doi={10.1074/mcp.O114.042259},
	number=4,
	title={xiNET: cross-link network maps with residue resolution},
	volume=14,
	author={Combe, Colin W and Fischer, Lutz and Rappsilber, Juri},
	pages={1137--1147},
	date=2015,
	year=2015,
}
@article{Grimm2015xVis:,
	journal={Nucleic acids research},
	doi={10.1093/nar/gkv463},
	number={May},
	title={xVis: a web server for the schematic visualization and interpretation of crosslink-derived spatial restraints.},
	volume=43,
	author={Grimm, Maximilian and Zimniak, Tomasz and Kahraman, Abdullah and Herzog, Franz},
	pages={W362---W369},
	date=2015,
	year=2015,
}
@article{Morimoto2013Small-angle,
	journal={Biochemical and Biophysical Research Communications},
	doi={10.1016/j.bbrc.2012.12.091},
	issn={0006291X},
	number=1,
	pmid=23291239,
	title={Small-angle X-ray scattering constraints and local geometry like secondary structures can construct a coarse-grained protein model at amino acid residue resolution},
	volume=431,
	author={Morimoto, Yasumasa and Nakagawa, Takashi and Kojima, Masaki},
	pages={65--69},
	date=2013,
	year=2013,
}
@article{Bateman2017UniProt:,
	journal={Nucleic Acids Research},
	doi={10.1093/nar/gkw1099},
	isbn={13624962 (Electronic)},
	issn=13624962,
	pmid=27899622,
	title={UniProt: The universal protein knowledgebase},
	volume=45,
	author={Bateman, Alex and Martin, Maria Jesus and O'Donovan, Claire and Magrane, Michele and Alpi, Emanuele and Antunes, Ricardo and Bely, Benoit and Bingley, Mark and Bonilla, Carlos and Britto, Ramona and Bursteinas, Borisas and Bye-AJee, Hema and Cowley, Andrew and Da Silva, Alan and De Giorgi, Maurizio and Dogan, Tunca and Fazzini, Francesco and Castro, Leyla Garcia and Figueira, Luis and Garmiri, Penelope and Georghiou, George and Gonzalez, Daniel and Hatton-Ellis, Emma and Li, Weizhong and Liu, Wudong and Lopez, Rodrigo and Luo, Jie and Lussi, Yvonne and MacDougall, Alistair and Nightingale, Andrew and Palka, Barbara and Pichler, Klemens and Poggioli, Diego and Pundir, Sangya and Pureza, Luis and Qi, Guoying and Rosanoff, Steven and Saidi, Rabie and Sawford, Tony and Shypitsyna, Aleksandra and Speretta, Elena and Turner, Edward and Tyagi, Nidhi and Volynkin, Vladimir and Wardell, Tony and Warner, Kate and Watkins, Xavier and Zaru, Rossana and Zellner, Hermann and Xenarios, Ioannis and Bougueleret, Lydie and Bridge, Alan and Poux, Sylvain and Redaschi, Nicole and Aimo, Lucila and ArgoudPuy, Ghislaine and Auchincloss, Andrea and Axelsen, Kristian and Bansal, Parit and Baratin, Delphine and Blatter, Marie Claude and Boeckmann, Brigitte and Bolleman, Jerven and Boutet, Emmanuel and Breuza, Lionel and Casal-Casas, Cristina and De Castro, Edouard and Coudert, Elisabeth and Cuche, Beatrice and Doche, Mikael and Dornevil, Dolnide and Duvaud, Severine and Estreicher, Anne and Famiglietti, Livia and Feuermann, Marc and Gasteiger, Elisabeth and Gehant, Sebastien and Gerritsen, Vivienne and Gos, Arnaud and Gruaz-Gumowski, Nadine and Hinz, Ursula and Hulo, Chantal and Jungo, Florence and Keller, Guillaume and Lara, Vicente and Lemercier, Philippe and Lieberherr, Damien and Lombardot, Thierry and Martin, Xavier and Masson, Patrick and Morgat, Anne and Neto, Teresa and Nouspikel, Nevila and Paesano, Salvo and Pedruzzi, Ivo and Pilbout, Sandrine and Pozzato, Monica and Pruess, Manuela and Rivoire, Catherine and Roechert, Bernd and Schneider, Michel and Sigrist, Christian and Sonesson, Karin and Staehli, Sylvie and Stutz, Andre and Sundaram, Shyamala and Tognolli, Michael and Verbregue, Laure and Veuthey, Anne Lise and Wu, Cathy H. and Arighi, Cecilia N. and Arminski, Leslie and Chen, Chuming and Chen, Yongxing and Garavelli, John S. and Huang, Hongzhan and Laiho, Kati and McGarvey, Peter and Natale, Darren A. and Ross, Karen and Vinayaka, C. R. and Wang, Qinghua and Wang, Yuqi and Yeh, Lai Su and Zhang, Jian},
	pages={D158--D169},
	date=2017,
	year=2017,
}
@article{Zundert2016DisVis,
	journal={Journal of Molecular Biology},
	doi={10.1016/j.jmb.2016.11.032},
	issn=00222836,
	number=3,
	pmid=27939290,
	publisher={The Authors},
	title={The DisVis and PowerFit Web Servers: Explorative and Integrative Modeling of Biomolecular Complexes},
	volume=429,
	author={van Zundert, G.C.P. and Trellet, M. and Schaarschmidt, J. and Kurkcuoglu, Z. and David, M. and Verlato, M. and Rosato, A. and Bonvin, A.M.J.J.},
	pages={399--407},
	date=2016,
	year=2016,
}
@article{Zundert2015DisVis:,
	journal={Bioinformatics},
	doi={10.1093/bioinformatics/btv333},
	issn=14602059,
	number=19,
	pmid=26026169,
	title={DisVis: Quantifying and visualizing accessible interaction space of distance-restrained biomolecular complexes},
	volume=31,
	author={van Zundert, G. C.P. and Bonvin, A. M.J.J.},
	pages={3222--3224},
	date=2015,
	year=2015,
}
@article{Klykov2018Efficient,
	journal={Nature Protocols},
	doi={10.1038/s41596-018-0074-x},
	issn={1754-2189},
	number=12,
	pmid=30446747,
	title={Efficient and robust proteome-wide approaches for cross-linking mass spectrometry},
	volume=13,
	author={Klykov, Oleg and Steigenberger, Barbara and Pektaş, Sibel and Fasci, Domenico and Heck, Albert J. R. and Scheltema, Richard A.},
	pages={2964--2990},
	date={2018-12},
	year=2018,
	month=12,
}
@article{Hennrich2011Improving,
	journal={Analytical Chemistry},
	doi={10.1021/ac2015068},
	isbn={0003-2700},
	issn=00032700,
	number=18,
	pmid=21815630,
	title={Improving depth in phosphoproteomics by using a strong cation exchange-weak anion exchange-reversed phase multidimensional separation approach},
	volume=83,
	author={Hennrich, Marco L. and Groenewold, Vincent and Kops, Geert J P L and Heck, Albert J R and Mohammed, Shabaz},
	pages={7137--7143},
	date=2011,
	year=2011,
}
@article{Vizcaíno2014ProteomeXchange,
	journal={Nature Biotechnology},
	doi={10.1038/nbt.2839},
	isbn={1546-1696 (Electronic){\textbackslash}r1087-0156 (Linking)},
	issn=15461696,
	number=3,
	pmid=24727771,
	title={ProteomeXchange provides globally coordinated proteomics data submission and dissemination},
	volume=32,
	author={Vizcaíno, Juan A and Deutsch, Eric W and Wang, Rui and Csordas, Attila and Reisinger, Florian and Ríos, Daniel and Dianes, José A and Sun, Zhi and Farrah, Terry and Bandeira, Nuno and Binz, Pierre Alain and Xenarios, Ioannis and Eisenacher, Martin and Mayer, Gerhard and Gatto, Laurent and Campos, Alex and Chalkley, Robert J and Kraus, Hans Joachim and Albar, Juan Pablo and Martinez-Bartolomé, Salvador and Apweiler, Rolf and Omenn, Gilbert S and Martens, Lennart and Jones, Andrew R and Hermjakob, Henning},
	pages={223--226},
	date={2014-03},
	year=2014,
	month=3,
}
@article{Levenstein1966Binary,
	journal={Cybernetics and Control Theory},
	number=8,
	title={Binary codes capable of correcting deletions, insertions, and reversals},
	volume=10,
	author={Levenstein, V. I.},
	pages={707--710},
	date=1966,
	year=1966,
}
@article{Noack2007Energy,
	journal={Journal of Graph Algorithms and Applications},
	number=2,
	title={Energy Models for Graph Clustering},
	volume=11,
	author={Noack, Andreas},
	pages={453--480},
	date=2007,
	year=2007,
}
@article{Pajntar1900Overview,
	journal={Knowledge Creation Diffusion Utilization},
	title={Overview of Algorithms for Graph Drawing},
	author={Pajntar, Boštjan},
	pages={3--6},
	date=1900,
	year=1900,
}
@article{Huerta-Cepas2016EGGNOG,
	journal={Nucleic Acids Research},
	doi={10.1093/nar/gkv1248},
	isbn={13624962 (Electronic)},
	issn=13624962,
	pmid=26582926,
	title={EGGNOG 4.5: A hierarchical orthology framework with improved functional annotations for eukaryotic, prokaryotic and viral sequences},
	volume=44,
	author={Huerta-Cepas, Jaime and Szklarczyk, Damian and Forslund, Kristoffer and Cook, Helen and Heller, Davide and Walter, Mathias C and Rattei, Thomas and Mende, Daniel R and Sunagawa, Shinichi and Kuhn, Michael and Jensen, Lars Juhl and Von Mering, Christian and Bork, Peer},
	pages={D286--D293},
	date=2016,
	year=2016,
}
@article{Rivals2007Enrichment,
	journal={Bioinformatics},
	doi={10.1093/bioinformatics/btl633},
	isbn={1367-4811 (Electronic){\textbackslash}r1367-4803 (Linking)},
	issn=13674803,
	number=4,
	pmid=17182697,
	title={Enrichment or depletion of a GO category within a class of genes: Which test?},
	volume=23,
	author={Rivals, Isabelle and Personnaz, Léon and Taing, Lieng and Potier, Marie Claude},
	pages={401--407},
	date=2007,
	year=2007,
}
@article{Pettersen2004UCSF,
	journal={Journal of Computational Chemistry},
	doi={10.1002/jcc.20084},
	isbn={0192-8651 (Print){\textbackslash}n0192-8651 (Linking)},
	issn=01928651,
	number=13,
	pmid=15264254,
	title={UCSF Chimera - A visualization system for exploratory research and analysis},
	volume=25,
	author={Pettersen, Eric F. and Goddard, Thomas D. and Huang, Conrad C. and Couch, Gregory S. and Greenblatt, Daniel M. and Meng, Elaine C. and Ferrin, Thomas E.},
	pages={1605--1612},
	date=2004,
	year=2004,
}
@article{Henikoff1992Amino,
	journal={Proceedings of the National Academy of Sciences},
	doi={10.1073/pnas.89.22.10915},
	isbn={0027-8424 (Print)},
	issn={0027-8424},
	number=22,
	pmid=1438297,
	title={Amino acid substitution matrices from protein blocks.},
	volume=89,
	author={Henikoff, S. and Henikoff, Jorja G},
	pages={10915--10919},
	date=1992,
	year=1992,
}
@article{Dominguez2003HADDOCK:,
	journal={Journal of the American Chemical Society},
	doi={10.1021/ja026939x},
	isbn={0002-7863 (Print){\textbackslash}r0002-7863 (Linking)},
	issn=00027863,
	number=7,
	pmid=12580598,
	title={HADDOCK: A protein-protein docking approach based on biochemical or biophysical information},
	volume=125,
	author={Dominguez, Cyril and Boelens, Rolf and Bonvin, Alexandre M.J.J.},
	pages={1731--1737},
	date=2003,
	year=2003,
}
@article{Zundert2016HADDOCK2.2,
	journal={Journal of Molecular Biology},
	doi={10.1016/j.jmb.2015.09.014},
	isbn={1089-8638 (Electronic) 0022-2836 (Linking)},
	issn=10898638,
	number=4,
	pmid=26410586,
	publisher={The Authors},
	title={The HADDOCK2.2 Web Server: User-Friendly Integrative Modeling of Biomolecular Complexes},
	volume=428,
	author={van Zundert, G. C.P. and Rodrigues, J. P.G.L.M. and Trellet, M. and Schmitz, C. and Kastritis, P. L. and Karaca, E. and Melquiond, A. S.J. and Van Dijk, M. and De Vries, S. J. and Bonvin, A. M.J.J.},
	pages={720--725},
	date=2016,
	year=2016,
}
@article{Jain1900Data,
	doi={10.1016/j.patrec.2009.09.011},
	title={Data clustering: 50 years beyond K-means q},
	author={Jain, Anil K},
	date=1900,
	year=1900,
}
@article{Yang2014I-TASSER,
	journal={Nature Methods},
	doi={10.1038/nmeth.3213},
	isbn={1548-7091},
	issn={1548-7091},
	number=1,
	pmid=25549265,
	publisher={Nature Publishing Group},
	title={The I-TASSER Suite: protein structure and function prediction},
	volume=12,
	author={Yang, Jianyi and Yan, Renxiang and Roy, Ambrish and Xu, Dong and Poisson, Jonathan and Zhang, Yang},
	pages={7--8},
	date=2014,
	year=2014,
}
@article{Bienert2017SWISS-MODEL,
	journal={Nucleic Acids Research},
	doi={10.1093/nar/gkw1132},
	isbn={13624962 (Electronic)},
	issn=13624962,
	pmid=27899672,
	title={The SWISS-MODEL Repository-new features and functionality},
	volume=45,
	author={Bienert, Stefan and Waterhouse, Andrew and De Beer, Tjaart A.P. and Tauriello, Gerardo and Studer, Gabriel and Bordoli, Lorenza and Schwede, Torsten},
	pages={D313--D319},
	date=2017,
	year=2017,
}
@article{Akamine2003Dynamic,
	journal={Journal of Molecular Biology},
	doi={10.1016/S0022-2836(02)01446-8},
	isbn={0022-2836 (Print)},
	issn=00222836,
	number=1,
	pmid=12614615,
	title={Dynamic features of cAMP-dependent protein kinase revealed by apoenzyme crystal structure},
	volume=327,
	author={Akamine, Pearl and Madhusudan and Wu, Jian and Xuong, Nguyen Huu and Ten Eyck, Lynn F and Taylor, Susan S},
	pages={159--171},
	date=2003,
	year=2003,
}
@article{Szklarczyk2015STRING,
	journal={Nucleic Acids Research},
	doi={10.1093/nar/gku1003},
	isbn={13624962 (Electronic)},
	issn=13624962,
	number={D1},
	pmid=25352553,
	title={STRING v10: Protein-protein interaction networks, integrated over the tree of life},
	volume=43,
	author={Szklarczyk, Damian and Franceschini, Andrea and Wyder, Stefan and Forslund, Kristoffer and Heller, Davide and Huerta-Cepas, Jaime and Simonovic, Milan and Roth, Alexander and Santos, Alberto and Tsafou, Kalliopi P and Kuhn, Michael and Bork, Peer and Jensen, Lars J and Von Mering, Christian},
	pages={D447---D452},
	date=2015,
	year=2015,
}
@article{Ruepp2008CORUM:,
	journal={Nucleic Acids Research},
	doi={10.1093/nar/gkm936},
	isbn={1362-4962 (Electronic)${\textbackslash}$n0305-1048 (Linking)},
	issn=03051048,
	number={SUPPL. 1},
	pmid=17965090,
	title={CORUM: The comprehensive resource of mammalian protein complexes},
	volume=36,
	author={Ruepp, Andreas and Brauner, Barbara and Dunger-Kaltenbach, Irmtraud and Frishman, Goar and Montrone, Corinna and Stransky, Michael and Waegele, Brigitte and Schmidt, Thorsten and Doudieu, Octave Noubibou and Stümpflen, Volker and Mewes, H Werner},
	pages={646--650},
	date=2008,
	year=2008,
}
@article{Hoopmann2016Open,
	journal={Journal of The American Society for Mass Spectrometry},
	doi={10.1007/S13361-016-1435-8},
	issn=1336101614358,
	note={Moritz 2016 Another software An Open Data Format for Visualization and Analysis of Cross-Linked Mass Spectrometry Results},
	publisher={Journal of The American Society for Mass Spectrometry},
	title={An Open Data Format for Visualization and Analysis of Cross-Linked Mass Spectrometry Results},
	author={Hoopmann, Michael R and Mendoza, Luis and Deutsch, Eric W and Shteynberg, David and Moritz, Robert L},
	pages={1--7},
	date=2016,
	year=2016,
}
@article{Xiaojing Wang2018pepXMLTab:,
	doi={https://doi.org/doi:10.18129/B9.bioc.pepXMLTab},
	title={pepXMLTab: Parsing pepXML files and filter based on peptide FDR.},
	author={Xiaojing Wang},
	date=2018,
	year=2018,
}

@article{Schroeder2006Similarity,
	journal={Developmental and Comparative Immunology},
	doi={10.1016/j.dci.2005.06.006},
	issn={0145305X},
	number={1-2},
	pmid=16083957,
	publisher={Elsevier Ltd},
	title={Similarity and divergence in the development and expression of the mouse and human antibody repertoires},
	volume=30,
	author={Schroeder, Harry W.},
	pages={119--135},
	date=2006,
	year=2006,
}
@article{Apostoaei2012REVIEW,,
	title={REVIEW, SYNTHESIS, AND APPLICATION OF INFORMATION ON THE HUMAN LYMPHATIC SYSTEM TO RADIATION DOSIMETRY FOR CHRONIC LYMPHOCYTIC LEUKEMIA FINAL REPORT},
	author={Apostoaei, A Iulian and Trabalka, John R},
	date=2012,
	year=2012,
}
@article{Briney2019Commonality,
	journal={Nature},
	doi={10.1038/S41586-019-0879-Y},
	issn=14764687,
	number=7744,
	pmid=30664748,
	publisher={Nature Publishing Group},
	title={Commonality despite exceptional diversity in the baseline human antibody repertoire},
	volume=566,
	author={Briney, Bryan and Inderbitzin, Anne and Joyce, Collin and Burton, Dennis R.},
	pages={393--397},
	date={2019-02-21},
	year=2019,
	month=2,
	day=21,
}
@article{Soto2019High,
	journal={Nature},
	doi={10.1038/S41586-019-0934-8},
	issn=14764687,
	number=7744,
	pmid=30760926,
	publisher={Nature Publishing Group},
	title={High frequency of shared clonotypes in human B cell receptor repertoires},
	volume=566,
	author={Soto, Cinque and Bombardi, Robin G. and Branchizio, Andre and Kose, Nurgun and Matta, Pranathi and Sevy, Alexander M. and Sinkovits, Robert S. and Gilchuk, Pavlo and Finn, Jessica A. and Crowe, James E.},
	pages={398--402},
	date={2019-02-21},
	year=2019,
	month=2,
	day=21,
}
@article{Corti2016Protective,
	journal={Science},
	doi={10.1126/SCIENCE.AAD5224},
	issn=10959203,
	number=6279,
	pmid=26917593,
	publisher={American Association for the Advancement of Science},
	title={Protective monotherapy against lethal Ebola virus infection by a potently neutralizing antibody},
	volume=351,
	author={Corti, Davide and Misasi, John and Mulangu, Sabue and Stanley, Daphne A. and Kanekiyo, Masaru and Wollen, Suzanne and Ploquin, Aurélie and Doria-Rose, Nicole A. and Staupe, Ryan P. and Bailey, Michael and Shi, Wei and Choe, Misook and Marcus, Hadar and Thompson, Emily A. and Cagigi, Alberto and Silacci, Chiara and Fernandez-Rodriguez, Blanca and Perez, Laurent and Sallusto, Federica and Vanzetta, Fabrizia and Agatic, Gloria and Cameroni, Elisabetta and Kisalu, Neville and Gordon, Ingelise and Ledgerwood, Julie E. and Mascola, John R. and Graham, Barney S. and Muyembe-Tamfun, Jean Jacques and Trefry, John C. and Lanzavecchia, Antonio and Sullivan, Nancy J.},
	pages={1339--1342},
	date={2016-03-18},
	year=2016,
	month=3,
	day=18,
}
@article{Dyer2019Two,
	journal={BMJ (Clinical research ed.)},
	doi={10.1136/BMJ.L5140},
	issn=17561833,
	pmid=31409588,
	publisher={NLM (Medline)},
	title={Two Ebola treatments halve deaths in trial in DRC outbreak},
	volume=366,
	author={Dyer, Owen},
	pages={l5140},
	date={2019-08-13},
	year=2019,
	month=8,
	day=13,
}
@article{Mulangu2019Randomized,,
	journal={New England Journal of Medicine},
	doi={10.1056/NEJMOA1910993},
	issn={0028-4793},
	number=24,
	pmid=31774950,
	publisher={Massachusetts Medical Society},
	title={A Randomized, Controlled Trial of Ebola Virus Disease Therapeutics},
	volume=381,
	author={Mulangu, Sabue and Dodd, Lori E. and Davey, Richard T. and Tshiani Mbaya, Olivier and Proschan, Michael and Mukadi, Daniel and Lusakibanza Manzo, Mariano and Nzolo, Didier and Tshomba Oloma, Antoine and Ibanda, Augustin and Ali, Rosine and Coulibaly, Sinaré and Levine, Adam C. and Grais, Rebecca and Diaz, Janet and Lane, H. Clifford and Muyembe-Tamfum, Jean-Jacques and the PALM Writing Group},
	pages={2293--2303},
	date={2019-12-12},
	year=2019,
	month=12,
	day=12,
}
@article{Jones2021neutralizing,
	journal={Science Translational Medicine},
	doi={10.1126/SCITRANSLMED.ABF1906},
	issn=19466242,
	number=593,
	pmid=33820835,
	publisher={American Association for the Advancement of Science},
	title={The neutralizing antibody, LY-CoV555, protects against SARS-CoV-2 infection in nonhuman primates},
	volume=13,
	author={Jones, Bryan E. and Brown-Augsburger, Patricia L. and Corbett, Kizzmekia S. and Westendorf, Kathryn and Davies, Julian and Cujec, Thomas P. and Wiethoff, Christopher M. and Blackbourne, Jamie L. and Heinz, Beverly A. and Foster, Denisa and Higgs, Richard E. and Balasubramaniam, Deepa and Wang, Lingshu and Zhang, Yi and Yang, Eun Sung and Bidshahri, Roza and Kraft, Lucas and Hwang, Yuri and Žentelis, Stefanie and Jepson, Kevin R. and Goya, Rodrigo and Smith, Maia A. and Collins, David W. and Hinshaw, Samuel J. and Tycho, Sean A. and Pellacani, Davide and Xiang, Ping and Muthuraman, Krithika and Sobhanifar, Solmaz and Piper, Marissa H. and Triana, Franz J. and Hendle, Jorg and Pustilnik, Anna and Adams, Andrew C. and Berens, Shawn J. and Baric, Ralph S. and Martinez, David R. and Cross, Robert W. and Geisbert, Thomas W. and Borisevich, Viktoriya and Abiona, Olubukola and Belli, Hayley M. and de Vries, Maren and Mohamed, Adil and Dittmann, Meike and Samanovic, Marie I. and Mulligan, Mark J. and Goldsmith, Jory A. and Hsieh, Ching Lin and Johnson, V. Nicole and Wrapp, Daniel and McLellan, Jason S. and Barnhart, Bryan C. and Graham, Barney S. and Mascola, John R. and Hansen, Carl L. and Falconer, Ester},
	date={2021-05-12},
	year=2021,
	month=5,
	day=12,
}
@article{Georgiou2014promise,
	journal={Nature Biotechnology},
	doi={10.1038/NBT.2782},
	issn=10870156,
	number=2,
	pmid=24441474,
	title={The promise and challenge of high-throughput sequencing of the antibody repertoire},
	volume=32,
	author={Georgiou, George and Ippolito, Gregory C. and Beausang, John and Busse, Christian E. and Wardemann, Hedda and Quake, Stephen R.},
	pages={158--168},
	date={2014-02},
	year=2014,
	month=2,
}
@article{Vollmers2013Genetic,
	journal={Proceedings of the National Academy of Sciences of the United States of America},
	doi={10.1073/PNAS.1312146110},
	issn=00278424,
	number=33,
	pmid=23898164,
	title={Genetic measurement of memory B-cell recall using antibody repertoire sequencing},
	volume=110,
	author={Vollmers, Christopher and Sit, V. Rene and Weinstein, Joshua A. and Dekker, Cornelia L. and Quake, Stephen R.},
	pages={13463--13468},
	date={2013-08-13},
	year=2013,
	month=8,
	day=13,
}
@article{Cassidy1975Human,
	journal={The Journal of Allergy and Clinical Immunology},
	doi={10.1016/S0091-6749(75)80006-6},
	issn=00916749,
	number=1,
	pmid=803275,
	title={Human serum immunoglobulin concentrations: Prevalence of immunoglobulin deficiencies},
	volume=55,
	author={Cassidy, James T. and Nordby, Gordon L.},
	pages={35--48},
	date=1975,
	year=1975,
}
@article{Gonzalez-Quintela2008Serum,
	journal={Clinical and Experimental Immunology},
	doi={10.1111/J.1365-2249.2007.03545.X},
	issn=00099104,
	number=1,
	pmid=18005364,
	title={Serum levels of immunoglobulins (IgG, IgA, IgM) in a general adult population and their relationship with alcohol consumption, smoking and common metabolic abnormalities},
	volume=151,
	author={Gonzalez-Quintela, A. and Alende, R. and Gude, F. and Campos, J. and Rey, J. and Meijide, L. M. and Fernandez-Merino, C. and Vidal, C.},
	pages={42--50},
	date={2008-01},
	year=2008,
	month=1,
}
@article{Giessen1975QUANTIFICATION,
	journal={Clin. exp. Immunol},
	title={QUANTIFICATION OF IgG SUBCLASSES IN SERA OF NORMAL ADULTS AND HEALTHY CHILDREN BETWEEN 4 AND 12 YEARS OF AGE},
	volume=21,
	author={Van Der Giessen, Marijke and Rossouw, Emmerentia and Algra-Van Veen, Tineke and Loghem, Van Erna and Zegers, B J M and Sander, P C},
	pages={501--509},
	date=1975,
	year=1975,
}
@article{Chen2017Proteomic,
	journal={Cell Reports},
	doi={10.1016/j.celrep.2016.12.013},
	issn=22111247,
	number=1,
	pmid=28052253,
	publisher={Elsevier B.V.},
	title={Proteomic Analysis of Pemphigus Autoantibodies Indicates a Larger, More Diverse, and More Dynamic Repertoire than Determined by B Cell Genetics},
	volume=18,
	author={Chen, Jing and Zheng, Qi and Hammers, Christoph M. and Ellebrecht, Christoph T. and Mukherjee, Eric M. and Tang, Hsin Yao and Lin, Chenyan and Yuan, Huijie and Pan, Meng and Langenhan, Jana and Komorowski, Lars and Siegel, Don L. and Payne, Aimee S. and Stanley, John R.},
	pages={237--247},
	date={2017-01-03},
	year=2017,
	month=1,
	day=3,
}
@article{Lavinder2014Identification,
	journal={Proceedings of the National Academy of Sciences of the United States of America},
	doi={10.1073/PNAS.1317793111},
	issn=00278424,
	number=6,
	pmid=24469811,
	title={Identification and characterization of the constituent human serum antibodies elicited by vaccination},
	volume=111,
	author={Lavinder, Jason J. and Wine, Yariv and Giesecke, Claudia and Ippolito, Gregory C. and Horton, Andrew P. and Lungu, Oana I. and Hoi, Kam Hon and DeKosky, Brandon J. and Murrin, Ellen M. and Wirth, Megan M. and Ellington, Andrew D. and Dörner, Thomas and Marcotte, Edward M. and Boutz, Daniel R. and Georgiou, George},
	pages={2259--2264},
	date={2014-02-11},
	year=2014,
	month=2,
	day=11,
}
@article{Lee2016Molecular-level,
	journal={Nature Medicine},
	doi={10.1038/NM.4224},
	issn={1546170X},
	number=12,
	pmid=27820605,
	publisher={Nature Publishing Group},
	title={Molecular-level analysis of the serum antibody repertoire in young adults before and after seasonal influenza vaccination},
	volume=22,
	author={Lee, Jiwon and Boutz, Daniel R. and Chromikova, Veronika and Joyce, M. Gordon and Vollmers, Christopher and Leung, Kwanyee and Horton, Andrew P. and DeKosky, Brandon J. and Lee, Chang Han and Lavinder, Jason J. and Murrin, Ellen M. and Chrysostomou, Constantine and Hoi, Kam Hon and Tsybovsky, Yaroslav and Thomas, V. Paul and Druz, Aliaksandr and Zhang, Baoshan and Zhang, Yi and Wang, Lingshu and Kong, Wing Pui and Park, Daechan and Popova, Lyubov I. and Dekker, Cornelia L. and Davis, Mark M. and Carter, Chalise E. and Ross, Ted M. and Ellington, Andrew D. and Wilson, Patrick C. and Marcotte, Edward M. and Mascola, John R. and Ippolito, Gregory C. and Krammer, Florian and Quake, Stephen R. and Kwong, Peter D. and Georgiou, George},
	pages={1456--1464},
	date={2016-12-01},
	year=2016,
	month=12,
	day=1,
}
@article{Lee2019Persistent,
	journal={Cell Host and Microbe},
	doi={10.1016/j.chom.2019.01.010},
	issn=19346069,
	number=3,
	pmid=30795981,
	publisher={Cell Press},
	title={Persistent Antibody Clonotypes Dominate the Serum Response to Influenza over Multiple Years and Repeated Vaccinations},
	volume=25,
	author={Lee, Jiwon and Paparoditis, Philipp and Horton, Andrew P. and Frühwirth, Alexander and McDaniel, Jonathan R. and Jung, Jiwon and Boutz, Daniel R. and Hussein, Dania A. and Tanno, Yuri and Pappas, Leontios and Ippolito, Gregory C. and Corti, Davide and Lanzavecchia, Antonio and Georgiou, George},
	pages={367--376.e5},
	date={2019-03-13},
	year=2019,
	month=3,
	day=13,
}
@article{Wine2013Molecular,
	journal={Proceedings of the National Academy of Sciences of the United States of America},
	doi={10.1073/PNAS.1213737110},
	issn=00278424,
	number=8,
	pmid=23382245,
	title={Molecular deconvolution of the monoclonal antibodies that comprise the polyclonal serum response},
	volume=110,
	author={Wine, Yariv and Boutz, Daniel R. and Lavinder, Jason J. and Miklos, Aleksandr E. and Hughes, Randall A. and Hoi, Kam Hon and Jung, Sang Taek and Horton, Andrew P. and Murrin, Ellen M. and Ellington, Andrew D. and Marcotte, Edward M. and Georgiou, George},
	pages={2993--2998},
	date={2013-02-19},
	year=2013,
	month=2,
	day=19,
}
@article{Barnidge2014Phenotyping,
	journal={Journal of Proteome Research},
	doi={10.1021/PR5005967},
	issn=15353907,
	number=11,
	pmid=25134970,
	publisher={American Chemical Society},
	title={Phenotyping polyclonal kappa and lambda light chain molecular mass distributions in patient serum using mass spectrometry},
	volume=13,
	author={Barnidge, David R. and Dasari, Surendra and Ramirez-Alvarado, Marina and Fontan, Adrian and Willrich, Maria A.V. and Tschumper, Renee C. and Jelinek, Diane F. and Snyder, Melissa R. and Dispenzieri, Angela and Katzmann, Jerry A. and Murray, David L.},
	pages={5198--5205},
	date={2014-11-07},
	year=2014,
	month=11,
	day=7,
}
@article{Barnidge2014Using,
	journal={Journal of Proteome Research},
	doi={10.1021/PR400985K},
	issn=15353893,
	number=3,
	pmid=24467232,
	title={Using mass spectrometry to monitor monoclonal immunoglobulins in patients with a monoclonal gammopathy},
	volume=13,
	author={Barnidge, David R. and Dasari, Surendra and Botz, Chad M. and Murray, Danelle H. and Snyder, Melissa R. and Katzmann, Jerry A. and Dispenzieri, Angela and Murray, David L.},
	pages={1419--1427},
	date={2014-03-07},
	year=2014,
	month=3,
	day=7,
}
@article{He2019Classification,
	journal={Analytical Chemistry},
	doi={10.1021/ACS.ANALCHEM.8B03294},
	issn=15206882,
	number=5,
	pmid=30801187,
	publisher={American Chemical Society},
	title={Classification of Plasma Cell Disorders by 21 Tesla Fourier Transform Ion Cyclotron Resonance Top-Down and Middle-Down MS/MS Analysis of Monoclonal Immunoglobulin Light Chains in Human Serum},
	volume=91,
	author={He, Lidong and Anderson, Lissa C. and Barnidge, David R. and Murray, David L. and Dasari, Surendra and Dispenzieri, Angela and Hendrickson, Christopher L. and Marshall, Alan G.},
	pages={3263--3269},
	date={2019-03-05},
	year=2019,
	month=3,
	day=5,
}
@article{He2017Analysis,
	journal={Journal of the American Society for Mass Spectrometry},
	doi={10.1007/S13361-017-1602-6},
	issn=18791123,
	number=5,
	pmid=28247297,
	publisher={Springer New York LLC},
	title={Analysis of Monoclonal Antibodies in Human Serum as a Model for Clinical Monoclonal Gammopathy by Use of 21 Tesla FT-ICR Top-Down and Middle-Down MS/MS},
	volume=28,
	author={He, Lidong and Anderson, Lissa C. and Barnidge, David R. and Murray, David L. and Hendrickson, Christopher L. and Marshall, Alan G.},
	pages={827--838},
	date={2017-05-01},
	year=2017,
	month=5,
	day=1,
}
@article{Mills2015Detecting,
	journal={Methods},
	doi={10.1016/j.ymeth.2015.04.020},
	issn=10959130,
	pmid=25916620,
	publisher={Academic Press Inc.},
	title={Detecting monoclonal immunoglobulins in human serum using mass spectrometry},
	volume=81,
	author={Mills, John R. and Barnidge, David R. and Murray, David L.},
	pages={56--65},
	date={2015-06-15},
	year=2015,
	month=6,
	day=15,
}
@article{Sharpley2019novel,
	journal={Blood Cancer Journal},
	doi={10.1038/S41408-019-0180-1},
	issn=20445385,
	number=2,
	pmid=30718462,
	publisher={Nature Publishing Group},
	title={A novel mass spectrometry method to identify the serum monoclonal light chain component in systemic light chain amyloidosis},
	volume=9,
	author={Sharpley, Faye A. and Manwani, Richa and Mahmood, Shameem and Sachchithanantham, Sajitha and Lachmann, Helen J. and Gillmore, Julian D. and Whelan, Carol J. and Fontana, Marianna and Hawkins, Philip N. and Wechalekar, Ashutosh D.},
	date={2019-02-01},
	year=2019,
	month=2,
	day=1,
}
@article{Wang2019Top-down,
	journal={Scientific Reports},
	doi={10.1038/S41598-018-38380-Y},
	issn=20452322,
	number=1,
	pmid=30787393,
	publisher={Nature Publishing Group},
	title={Top-down Mass Spectrometry Analysis of Human Serum Autoantibody Antigen-Binding Fragments},
	volume=9,
	author={Wang, Zhe and Liu, Xiaowen and Muther, Jennifer and James, Judith A. and Smith, Kenneth and Wu, Si},
	date={2019-12-01},
	year=2019,
	month=12,
	day=1,
}
@article{Spoerry2016Novel,
	journal={PLoS ONE},
	doi={10.1371/JOURNAL.PONE.0164809},
	issn=19326203,
	number=10,
	pmid=27749921,
	publisher={Public Library of Science},
	title={Novel IgG-degrading enzymes of the IgdE protease family link substrate specificity to host tropism of streptococcus species},
	volume=11,
	author={Spoerry, Christian and Hessle, Pontus and Lewis, Melanie J. and Paton, Lois and Woof, Jenny M. and Von Pawel-Rammingen, Ulrich},
	date={2016-10-01},
	year=2016,
	month=10,
	day=1,
}
@article{Lefranc1999IMGT,,
	journal={Nucleic Acids Research},
	doi={10.1093/NAR/27.1.209},
	issn=03051048,
	number=1,
	pmid=9847182,
	title={IMGT, the international ImMunoGeneTics database},
	volume=27,
	author={Lefranc, Marie Paule and Giudicelli, Véronique and Ginestoux, Chantal and Bodmer, Julia and Müller, Werner and Bontrop, Ronald and Lemaitre, Marc and Malik, Ansar and Barbié, Valérie and Chaume, Denys},
	pages={209--212},
	date={1999-01-01},
	year=1999,
	month=1,
	day=1,
}
@article{Bondt2016Fab,
	journal={Arthritis Research and Therapy},
	doi={10.1186/S13075-016-1172-1},
	issn=14786362,
	number=1,
	pmid=27887659,
	publisher={BioMed Central Ltd.},
	title={Fab glycosylation of immunoglobulin G does not associate with improvement of rheumatoid arthritis during pregnancy},
	volume=18,
	author={Bondt, Albert and Wuhrer, Manfred and Kuijper, T. Martijn and Hazes, Johanna M.W. and Dolhain, Radboud J.E.M.},
	date={2016-11-25},
	year=2016,
	month=11,
	day=25,
}
@article{Hafkenscheid2017Structural,
	journal={Molecular and Cellular Proteomics},
	doi={10.1074/mcp.M116.062919},
	issn=15359484,
	number=2,
	pmid=27956708,
	publisher={American Society for Biochemistry and Molecular Biology Inc.},
	title={Structural analysis of variable domain glycosylation of anti-citrullinated protein antibodies in rheumatoid arthritis reveals the presence of highly sialylated glycans},
	volume=16,
	author={Hafkenscheid, Lise and Bondt, Albert and Scherer, Hans U. and Huizinga, Tom W.J. and Wuhrer, Manfred and Toes, René E.M. and Rombouts, Yoann},
	pages={278--287},
	date={2017-02-01},
	year=2017,
	month=2,
	day=1,
}
@article{Guthals2017De,
	journal={Journal of Proteome Research},
	doi={10.1021/ACS.JPROTEOME.6B00608},
	issn=15353907,
	number=1,
	pmid=27779884,
	publisher={American Chemical Society},
	title={De Novo MS/MS Sequencing of Native Human Antibodies},
	volume=16,
	author={Guthals, Adrian and Gan, Yutian and Murray, Laura and Chen, Yongmei and Stinson, Jeremy and Nakamura, Gerald and Lill, Jennie R. and Sandoval, Wendy and Bandeira, Nuno},
	pages={45--54},
	date={2017-01-06},
	year=2017,
	month=1,
	day=6,
}
@article{Sen2017Automated,
	journal={Journal of the American Society for Mass Spectrometry},
	doi={10.1007/S13361-016-1580-0},
	issn=18791123,
	number=5,
	pmid=28105549,
	publisher={Springer New York LLC},
	title={Automated Antibody De Novo Sequencing and Its Utility in Biopharmaceutical Discovery},
	volume=28,
	author={Sen, K. Ilker and Tang, Wilfred H. and Nayak, Shruti and Kil, Yong J. and Bern, Marshall and Ozoglu, Berk and Ueberheide, Beatrix and Davis, Darryl and Becker, Christopher},
	pages={803--810},
	date={2017-05-01},
	year=2017,
	month=5,
	day=1,
}
@article{Tran2016Complete,
	journal={Scientific Reports},
	doi={10.1038/SREP31730},
	issn=20452322,
	pmid=27562653,
	publisher={Nature Publishing Group},
	title={Complete de Novo Assembly of Monoclonal Antibody Sequences},
	volume=6,
	author={Tran, Ngoc Hieu and Rahman, M. Ziaur and He, Lin and Xin, Lei and Shan, Baozhen and Li, Ming},
	date={2016-08-26},
	year=2016,
	month=8,
	day=26,
}
@article{Boer2020Selectivity,
	journal={Chemical Science},
	doi={10.1039/D0SC03438J},
	issn=20416539,
	number=43,
	publisher={Royal Society of Chemistry},
	title={Selectivity over coverage in: De novo sequencing of IgGs},
	volume=11,
	author={Den Boer, Maurits A. and Greisch, Jean Francois and Tamara, Sem and Bondt, Albert and Heck, Albert J.R.},
	pages={11886--11896},
	date={2020-11-21},
	year=2020,
	month=11,
	day=21,
}
@article{Fornelli2017Top-down,
	journal={Journal of Proteomics},
	doi={10.1016/j.jprot.2017.02.013},
	issn=18767737,
	pmid=28242452,
	publisher={Elsevier B.V.},
	title={Top-down analysis of immunoglobulin G isotypes 1 and 2 with electron transfer dissociation on a high-field Orbitrap mass spectrometer},
	volume=159,
	author={Fornelli, Luca and Ayoub, Daniel and Aizikov, Konstantin and Liu, Xiaowen and Damoc, Eugen and Pevzner, Pavel A. and Makarov, Alexander and Beck, Alain and Tsybin, Yury O.},
	pages={67--76},
	date={2017-04-21},
	year=2017,
	month=4,
	day=21,
}
@article{Shaw2020Direct,
	journal={Analytical Chemistry},
	doi={10.1021/ACS.ANALCHEM.9B03129},
	issn=15206882,
	number=1,
	pmid=31769659,
	publisher={American Chemical Society},
	title={Direct determination of antibody chain pairing by top-down and middle-down mass spectrometry using electron capture dissociation and ultraviolet photodissociation},
	volume=92,
	author={Shaw, Jared B. and Liu, Weijing and Vasil′ev, V. Yury and Bracken, Carter C. and Malhan, Neha and Guthals, Adrian and Beckman, Joseph S. and Voinov, Valery G.},
	pages={766--773},
	date={2020-01-07},
	year=2020,
	month=1,
	day=7,
}
@article{Peng2021Mass,
	journal={Journal of Proteome Research},
	doi={10.1021/ACS.JPROTEOME.1C00169},
	issn=15353907,
	number=7,
	pmid=34121409,
	publisher={American Chemical Society},
	title={Mass Spectrometry-BasedDe NovoSequencing of Monoclonal Antibodies Using Multiple Proteases and a Dual Fragmentation Scheme},
	volume=20,
	author={Peng, Weiwei and Pronker, Matti F. and Snijder, Joost},
	pages={3559--3566},
	date={2021-07-02},
	year=2021,
	month=7,
	day=2,
}
@article{Kitaura2017Different,
	journal={Frontiers in Immunology},
	doi={10.3389/FIMMU.2017.00389},
	issn=16643224,
	number={MAY},
	publisher={Frontiers Media S.A.},
	title={Different somatic hypermutation levels among antibody subclasses disclosed by a new next-generation sequencing-based antibody repertoire analysis},
	volume=8,
	author={Kitaura, Kazutaka and Yamashita, Hiroshi and Ayabe, Hitomi and Shini, Tadasu and Matsutani, Takaji and Suzuki, Ryuji},
	date={2017-05-03},
	year=2017,
	month=5,
	day=3,
}
@article{Williams2017Potent,
	journal={Science Immunology},
	doi={10.1126/SCIIMMUNOL.AAL2200},
	issn=24709468,
	number=7,
	pmid=28783671,
	publisher={American Association for the Advancement of Science},
	title={Potent and broad HIV-neutralizing antibodies in memory B cells and plasma},
	volume=2,
	author={Williams, La Tonya D. and Ofek, Gilad and Schätzle, Sebastian and McDaniel, Jonathan R. and Lu, Xiaozhi and Nicely, Nathan I. and Wu, Liming and Lougheed, Caleb S. and Bradley, Todd and Louder, Mark K. and McKee, Krisha and Bailer, Robert T. and O’Dell, Sijy and Georgiev, Ivelin S. and Seaman, Michael S. and Parks, Robert J. and Marshall, Dawn J. and Anasti, Kara and Yang, Guang and Nie, Xiaoyan and Tumba, Nancy L. and Wiehe, Kevin and Wagh, Kshitij and Korber, Bette and Kepler, Thomas B. and Munir Alam, S. and Morris, Lynn and Kamanga, Gift and Cohen, Myron S. and Bonsignori, Mattia and Xia, Shi Mao and Montefiori, David C. and Kelsoe, Garnett and Gao, Feng and Mascola, John R. and Anthony Moody, M. and Saunders, Kevin O. and Liao, Hua Xin and Tomaras, Georgia D. and Georgiou, George and Haynes, Barton F.},
	date=2017,
	year=2017,
}
@article{Morell1970Metabolic,
	journal={The Journal of clinical investigation},
	doi={10.1172/JCI106279},
	issn=00219738,
	number=4,
	pmid=5443170,
	title={Metabolic properties of IgG subclasses in man.},
	volume=49,
	author={Morell, A. and Terry, W. D. and Waldmann, T. A.},
	pages={673--680},
	date=1970,
	year=1970,
}
@article{Melamed2018Pharmacokinetics,
	journal={European Journal of Pharmaceutical Sciences},
	doi={10.1016/j.ejps.2018.03.007},
	issn=18790720,
	pmid=29522908,
	publisher={Elsevier B.V.},
	title={Pharmacokinetics of a novel human intravenous immunoglobulin 10% in patients with primary immunodeficiency diseases: Analysis of a phase III, multicentre, prospective, open-label study},
	volume=118,
	author={Melamed, Isaac R. and Borte, Michael and Trawnicek, Laurenz and Kobayashi, Ai Lan and Kobayashi, Roger H. and Knutsen, Alan and Gupta, Sudhir and Smits, William and Pituch-Noworolska, Anna and Strach, Magdalena and Pulka, Grazyna and Ochs, Hans D. and Moy, James N.},
	pages={80--86},
	date={2018-06-15},
	year=2018,
	month=6,
	day=15,
}
@article{Bernasconi2002Maintenance,
	journal={Science},
	doi={10.1126/SCIENCE.1076071},
	issn=00368075,
	number=5601,
	pmid=12481138,
	title={Maintenance of serological memory by polyclonal activation of human memory B cells},
	volume=298,
	author={Bernasconi, Nadia L. and Traggiai, Elisabetta and Lanzavecchia, Antonio},
	pages={2199--2202},
	date={2002-12-13},
	year=2002,
	month=12,
	day=13,
}
@article{Manz1997Lifetime,
	journal={Nature},
	doi={10.1038/40540},
	issn=00280836,
	number=6638,
	pmid=9217150,
	title={Lifetime of plasma cells in the bone marrow [3]},
	volume=388,
	author={Manz, Rudolf A. and Thiel, Andreas and Radbruch, Andreas},
	pages={133--134},
	date=1997,
	year=1997,
}
@article{Slifka1998Humoral,
	journal={Immunity},
	doi={10.1016/S1074-7613(00)80541-5},
	issn=10747613,
	number=3,
	pmid=9529153,
	publisher={Cell Press},
	title={Humoral immunity due to long-lived plasma cells},
	volume=8,
	author={Slifka, Mark K. and Antia, Rustom and Whitmire, Jason K. and Ahmed, Rafi},
	pages={363--372},
	date=1998,
	year=1998,
}
@article{Tebani2020Integration,
	journal={Nature Communications},
	doi={10.1038/S41467-020-18148-7},
	issn=20411723,
	number=1,
	pmid=32900998,
	publisher={Nature Research},
	title={Integration of molecular profiles in a longitudinal wellness profiling cohort},
	volume=11,
	author={Tebani, Abdellah and Gummesson, Anders and Zhong, Wen and Koistinen, Ina Schuppe and Lakshmikanth, Tadepally and Olsson, Lisa M. and Boulund, Fredrik and Neiman, Maja and Stenlund, Hans and Hellström, Cecilia and Karlsson, Max J. and Arif, Muhammad and Dodig-Crnković, Tea and Mardinoglu, Adil and Lee, Sunjae and Zhang, Cheng and Chen, Yang and Olin, Axel and Mikes, Jaromir and Danielsson, Hanna and von Feilitzen, Kalle and Jansson, Per Anders and Angerås, Oskar and Huss, Mikael and Kjellqvist, Sanela and Odeberg, Jacob and Edfors, Fredrik and Tremaroli, Valentina and Forsström, Björn and Schwenk, Jochen M. and Nilsson, Peter and Moritz, Thomas and Bäckhed, Fredrik and Engstrand, Lars and Brodin, Petter and Bergström, Göran and Uhlen, Mathias and Fagerberg, Linn},
	date={2020-12-01},
	year=2020,
	month=12,
	day=1,
}
@article{Klouwenberg2013Interobserver,
	journal={Critical Care Medicine},
	doi={10.1097/CCM.0B013E3182923712},
	issn=00903493,
	number=10,
	pmid=23921277,
	title={Interobserver agreement of centers for disease control and prevention criteria for classifying infections in critically ill patients},
	volume=41,
	author={Klouwenberg, Peter M.C.Klein and Ong, David S.Y. and Bos, Lieuwe D.J. and De Beer, Friso M. and Van Hooijdonk, Roosmarijn T.M. and Huson, Mischa A. and Straat, Marleen and Van Vught, Lonneke A. and Wieske, Luuk and Horn, Janneke and Schultz, Marcus J. and Van Der Poll, Tom and Bonten, Marc J.M. and Cremer, Olaf L.},
	pages={2373--2378},
	date={2013-10},
	year=2013,
	month=10,
}
@article{Singer2016third,
	journal={JAMA - Journal of the American Medical Association},
	doi={10.1001/JAMA.2016.0287},
	issn=15383598,
	number=8,
	pmid=26903338,
	publisher={American Medical Association},
	title={The third international consensus definitions for sepsis and septic shock (sepsis-3)},
	volume=315,
	author={Singer, Mervyn and Deutschman, Clifford S. and Seymour, Christopherwarren and Shankar-Hari, Manu and Annane, Djillali and Bauer, Michael and Bellomo, Rinaldo and Bernard, Gordon R. and Chiche, Jean Daniel and Coopersmith, Craig M. and Hotchkiss, Richard S. and Levy, Mitchell M. and Marshall, John C. and Martin, Greg S. and Opal, Steven M. and Rubenfeld, Gordon D. and Poll, Der Tomvan and Vincent, Jean Louis and Angus, Derek C.},
	pages={801--810},
	date={2016-02-23},
	year=2016,
	month=2,
	day=23,
}
@article{Bondt2014Immunoglobulin,
	journal={Molecular and Cellular Proteomics},
	doi={10.1074/mcp.M114.039537},
	issn=15359484,
	number=11,
	pmid=25004930,
	publisher={American Society for Biochemistry and Molecular Biology Inc.},
	title={Immunoglobulin G (IgG) fab glycosylation analysis using a new mass spectrometric high-throughput profiling method reveals pregnancy-associated changes},
	volume=13,
	author={Bondt, Albert and Rombouts, Yoann and Selman, Maurice H.J. and Hensbergen, Paul J. and Reiding, Karli R. and Hazes, Johanna M.W. and Dolhain, Radboud J.E.M. and Wuhrer, Manfred},
	pages={3029--3039},
	date={2014-11-01},
	year=2014,
	month=11,
	day=1,
}
@article{Amez Martín2021Serum,
	journal={Journal of Proteome Research},
	doi={10.1021/ACS.JPROTEOME.1C00148},
	issn=15353907,
	number=5,
	pmid=33909442,
	publisher={American Chemical Society},
	title={Serum and Plasma Immunoglobulin G Fc N-Glycosylation Is Stable during Storage},
	volume=20,
	author={Amez Martín, Manuela and Wuhrer, Manfred and Falck, David},
	pages={2935--2941},
	date={2021-05-07},
	year=2021,
	month=5,
	day=7,
}
@article{Waterbeemd2018Dissecting,
	journal={Nature Communications},
	doi={10.1038/S41467-018-04853-X},
	issn=20411723,
	number=1,
	pmid=29950687,
	publisher={Nature Publishing Group},
	title={Dissecting ribosomal particles throughout the kingdoms of life using advanced hybrid mass spectrometry methods},
	volume=9,
	author={Van De Waterbeemd, Michiel and Tamara, Sem and Fort, Kyle L. and Damoc, Eugen and Franc, Vojtech and Bieri, Philipp and Itten, Martin and Makarov, Alexander and Ban, Nenad and Heck, Albert J.R.},
	date={2018-12-01},
	year=2018,
	month=12,
	day=1,
}
@article{McKinney2010Data,
	journal={Proceedings of the 9th Python in Science Conference},
	doi={10.25080/MAJORA-92BF1922-00A},
	publisher={SciPy},
	title={Data Structures for Statistical Computing in Python},
	author={McKinney, Wes},
	pages={56--61},
	date=2010,
	year=2010,
}
@article{Walt2011NumPy,
	journal={Computing in Science and Engineering},
	doi={10.1109/MCSE.2011.37},
	issn=15219615,
	number=2,
	title={The NumPy array: A structure for efficient numerical computation},
	volume=13,
	author={Van Der Walt, Stéfan and Colbert, S. Chris and Varoquaux, Gaël},
	pages={22--30},
	date={2011-03},
	year=2011,
	month=3,
}
@article{Virtanen2020SciPy,
	journal={Nature Methods},
	doi={10.1038/S41592-019-0686-2},
	issn=15487105,
	number=3,
	pmid=32015543,
	publisher={Nature Research},
	title={SciPy 1.0: fundamental algorithms for scientific computing in Python},
	volume=17,
	author={Virtanen, Pauli and Gommers, Ralf and Oliphant, Travis E. and Haberland, Matt and Reddy, Tyler and Cournapeau, David and Burovski, Evgeni and Peterson, Pearu and Weckesser, Warren and Bright, Jonathan and van der Walt, Stéfan J. and Brett, Matthew and Wilson, Joshua and Millman, K. Jarrod and Mayorov, Nikolay and Nelson, Andrew R.J. and Jones, Eric and Kern, Robert and Larson, Eric and Carey, C. J. and Polat, İlhan and Feng, Yu and Moore, Eric W. and VanderPlas, Jake and Laxalde, Denis and Perktold, Josef and Cimrman, Robert and Henriksen, Ian and Quintero, E. A. and Harris, Charles R. and Archibald, Anne M. and Ribeiro, Antônio H. and Pedregosa, Fabian and van Mulbregt, Paul and Vijaykumar, Aditya and Bardelli, Pietro Alessandro and Rothberg, Alex and Hilboll, Andreas and Kloeckner, Andreas and Scopatz, Anthony and Lee, Antony and Rokem, Ariel and Woods, C. Nathan and Fulton, Chad and Masson, Charles and Häggström, Christian and Fitzgerald, Clark and Nicholson, David A. and Hagen, David R. and Pasechnik, V. Dmitrii and Olivetti, Emanuele and Martin, Eric and Wieser, Eric and Silva, Fabrice and Lenders, Felix and Wilhelm, Florian and Young, G. and Price, Gavin A. and Ingold, Gert Ludwig and Allen, Gregory E. and Lee, Gregory R. and Audren, Hervé and Probst, Irvin and Dietrich, Jörg P. and Silterra, Jacob and Webber, James T. and Slavič, Janko and Nothman, Joel and Buchner, Johannes and Kulick, Johannes and Schönberger, Johannes L. and de Miranda Cardoso, José Vinícius and Reimer, Joscha and Harrington, Joseph and Rodríguez, Juan Luis Cano and Nunez-Iglesias, Juan and Kuczynski, Justin and Tritz, Kevin and Thoma, Martin and Newville, Matthew and Kümmerer, Matthias and Bolingbroke, Maximilian and Tartre, Michael and Pak, Mikhail and Smith, Nathaniel J. and Nowaczyk, Nikolai and Shebanov, Nikolay and Pavlyk, Oleksandr and Brodtkorb, Per A. and Lee, Perry and McGibbon, Robert T. and Feldbauer, Roman and Lewis, Sam and Tygier, Sam and Sievert, Scott and Vigna, Sebastiano and Peterson, Stefan and More, Surhud and Pudlik, Tadeusz and Oshima, Takuya and Pingel, Thomas J. and Robitaille, Thomas P. and Spura, Thomas and Jones, Thouis R. and Cera, Tim and Leslie, Tim and Zito, Tiziano and Krauss, Tom and Upadhyay, Utkarsh and Halchenko, Yaroslav O. and Vázquez-Baeza, Yoshiki},
	pages={261--272},
	date={2020-03-01},
	year=2020,
	month=3,
	day=1,
}
@article{Hunter2007Matplotlib:,
	journal={Computing in Science and Engineering},
	doi={10.1109/MCSE.2007.55},
	issn=15219615,
	number=3,
	publisher={IEEE Computer Society},
	title={Matplotlib: A 2D graphics environment},
	volume=9,
	author={Hunter, John D.},
	pages={90--95},
	date=2007,
	year=2007,
}
@article{Zabrouskov2005New,
	journal={Journal of the American Society for Mass Spectrometry},
	doi={10.1016/j.jasms.2005.08.004},
	issn=10440305,
	number=12,
	pmid=16253516,
	title={New and automated MSn approaches for top-down identification of modified proteins},
	volume=16,
	author={Zabrouskov, Vlad and Senko, Michael W. and Du, Yi and Leduc, Richard D. and Kelleher, Neil L.},
	pages={2027--2038},
	date={2005-12},
	year=2005,
	month=12,
}
@article{Smith1981Identification,
	journal={Journal of Molecular Biology},
	doi={10.1016/0022-2836(81)90087-5},
	issn=00222836,
	number=1,
	pmid=7265238,
	title={Identification of common molecular subsequences},
	volume=147,
	author={Smith, T. F. and Waterman, M. S.},
	pages={195--197},
	date={1981-03-25},
	year=1981,
	month=3,
	day=25,
}
@article{Tabb2008DirecTag:,
	journal={Journal of Proteome Research},
	doi={10.1021/PR800154P},
	issn=15353893,
	number=9,
	pmid=18630943,
	title={DirecTag: Accurate sequence tags from peptide MS/MS through statistical scoring},
	volume=7,
	author={Tabb, David L. and Ze-Qiang, Ma and Martin, Daniel B. and Ham, Amy Joan L. and Chambers, Matthew C.},
	pages={3838--3846},
	date={2008-09},
	year=2008,
	month=9,
}
@article{Swindells2017abYsis:,
	journal={Journal of Molecular Biology},
	doi={10.1016/j.jmb.2016.08.019},
	issn=10898638,
	number=3,
	pmid=27561707,
	publisher={Academic Press},
	title={abYsis: Integrated Antibody Sequence and Structure—Management, Analysis, and Prediction},
	volume=429,
	author={Swindells, Mark B. and Porter, Craig T. and Couch, Matthew and Hurst, Jacob and Abhinandan, K. R. and Nielsen, Jens H. and Macindoe, Gary and Hetherington, James and Martin, Andrew C.R.},
	pages={356--364},
	date={2017-02-03},
	year=2017,
	month=2,
	day=3,
}

@article{Briney2019Commonality,
	journal={Nature},
	doi={10.1038/S41586-019-0879-Y},
	issn={1476-4687},
	number=7744,
	pmid=30664748,
	publisher={Nature},
	title={Commonality despite exceptional diversity in the baseline human antibody repertoire},
	volume=566,
	author={Briney, Bryan and Inderbitzin, Anne and Joyce, Collin and Burton, Dennis R.},
	pages={393--397},
	date={2019-02-21},
	year=2019,
	month=2,
	day=21,
}
@article{Schroeder2006Similarity,
	journal={Developmental and comparative immunology},
	doi={10.1016/J.DCI.2005.06.006},
	issn={0145-305X},
	number={1-2},
	pmid=16083957,
	publisher={Dev Comp Immunol},
	title={Similarity and divergence in the development and expression of the mouse and human antibody repertoires},
	volume=30,
	author={Schroeder, Harry W.},
	pages={119--135},
	date=2006,
	year=2006,
}
@article{Bondt2021Human,
	journal={Cell systems},
	doi={10.1016/J.CELS.2021.08.008},
	issn={2405-4720},
	number=12,
	pmid=34613904,
	publisher={Cell Syst},
	title={Human plasma IgG1 repertoires are simple, unique, and dynamic},
	volume=12,
	author={Bondt, Albert and Hoek, Max and Tamara, Sem and de Graaf, Bastiaan and Peng, Weiwei and Schulte, Douwe and van Rijswijck, Danique M.H. and den Boer, Maurits A. and Greisch, Jean François and Varkila, Meri R.J. and Snijder, Joost and Cremer, Olaf L. and Bonten, Marc J.M. and Heck, Albert J.R.},
	pages={1131--1143.e5},
	date={2021-12-15},
	year=2021,
	month=12,
	day=15,
}
@article{Bondt2021Direct,
	journal={Frontiers in immunology},
	doi={10.3389/FIMMU.2021.789748},
	issn={1664-3224},
	pmid=34938298,
	publisher={Front Immunol},
	title={A Direct MS-Based Approach to Profile Human Milk Secretory Immunoglobulin A (IgA1) Reveals Donor-Specific Clonal Repertoires With High Longitudinal Stability},
	volume=12,
	author={Bondt, Albert and Dingess, Kelly A. and Hoek, Max and van Rijswijck, Danique M.H. and Heck, Albert J.R.},
	date={2021-12-06},
	year=2021,
	month=12,
	day=6,
}
@article{Dingess2023Identification,
	journal={Cellular & molecular immunology},
	doi={10.1038/S41423-022-00954-2},
	issn={2042-0226},
	number=1,
	pmid=36447030,
	publisher={Cell Mol Immunol},
	title={Identification of common and distinct origins of human serum and breastmilk IgA1 by mass spectrometry-based clonal profiling},
	volume=20,
	author={Dingess, Kelly A. and Hoek, Max and van Rijswijk, Danique M.H. and Tamara, Sem and den Boer, Maurits A. and Veth, Tim and Damen, Mirjam J.A. and Barendregt, Arjan and Romijn, Michelle and Juncker, Hannah G. and van Keulen, Britt J. and Vidarsson, Gestur and van Goudoever, Johannes B. and Bondt, Albert and Heck, Albert J.R.},
	date={2023-01-01},
	year=2023,
	month=1,
	day=1,
}
@article{Dong2020Antibodies,
	journal={Emerging microbes & infections},
	doi={10.1080/22221751.2020.1780952},
	issn={2222-1751},
	number=1,
	pmid=32552365,
	publisher={Emerg Microbes Infect},
	title={Antibodies in the breast milk of a maternal woman with COVID-19},
	volume=9,
	author={Dong, Yunzhu and Chi, Xiangyang and Hai, Huang and Sun, Liangliang and Zhang, Mengyao and Xie, Wei Fen and Chen, Wei},
	pages={1467--1469},
	date={2020-01-01},
	year=2020,
	month=1,
	day=1,
}
@article{Fox2020Robust,
	journal={iScience},
	doi={10.1016/J.ISCI.2020.101735},
	issn={2589-0042},
	number=11,
	pmid=33134887,
	publisher={iScience},
	title={Robust and Specific Secretory IgA Against SARS-CoV-2 Detected in Human Milk},
	volume=23,
	author={Fox, Alisa and Marino, Jessica and Amanat, Fatima and Krammer, Florian and Hahn-Holbrook, Jennifer and Zolla-Pazner, Susan and Powell, Rebecca L.},
	date={2020-11-20},
	year=2020,
	month=11,
	day=20,
}
@article{Pace2021Characterization,
	journal={mBio},
	doi={10.1128/MBIO.03192-20},
	issn={2150-7511},
	number=1,
	pmid=33563823,
	publisher={mBio},
	title={Characterization of SARS-CoV-2 RNA, Antibodies, and Neutralizing Capacity in Milk Produced by Women with COVID-19},
	volume=12,
	author={Pace, Ryan M. and Williams, Janet E. and Järvinen, Kirsi M. and Belfort, Mandy B. and Pace, Christina D.W. and Lackey, Kimberly A. and Gogel, Alexandra C. and Nguyen-Contant, Phuong and Kanagaiah, Preshetha and Fitzgerald, Theresa and Ferri, Rita and Young, Bridget and Rosen-Carole, Casey and Diaz, Nichole and Meehan, Courtney L. and Caffé, Beatrice and Sangster, Mark Y. and Topham, David and McGuire, Mark A. and Seppo, Antti and McGuire, Michelle K.},
	pages={1--11},
	date={2021-01-01},
	year=2021,
	month=1,
	day=1,
}
@article{Keulen2021Human,
	journal={Nutrients},
	doi={10.3390/NU13051645},
	issn={2072-6643},
	number=5,
	pmid=34068142,
	publisher={Nutrients},
	title={Human Milk from Previously COVID-19-Infected Mothers: The Effect of Pasteurization on Specific Antibodies and Neutralization Capacity},
	volume=13,
	author={van Keulen, Britt J. and Romijn, Michelle and Bondt, Albert and Dingess, Kelly A. and Kontopodi, Eva and van der Straten, Karlijn and Den Boer, Maurits A. and Burger, Judith A. and Poniman, Meliawati and Bosch, Berend J. and Brouwer, Philip J.M. and de Groot, Christianne J.M. and Hoek, Max and Li, Wentao and Pajkrt, Dasja and Sanders, Rogier W. and Schoonderwoerd, Anne and Tamara, Sem and Timmermans, Rian A.H. and Vidarsson, Gestur and Stittelaar, Koert J. and Rispens, Theo T. and Hettinga, Kasper A. and van Gils, Marit J. and Heck, Albert J.R. and van Goudoever, Johannes B.},
	date={2021-05-01},
	year=2021,
	month=5,
	day=1,
}
@article{Bode2022Characterization,
	journal={Pediatric research},
	doi={10.1038/S41390-022-02360-W},
	issn={1530-0447},
	pmid=36434204,
	publisher={Pediatr Res},
	title={Characterization of SARS-CoV-2 antibodies in human milk from 21 women with confirmed COVID-19 infection},
	author={Bode, Lars and Bertrand, Kerri and Najera, Julia A. and Furst, Annalee and Honerkamp-Smith, Gordon and Shandling, Adam D. and Chambers, Christina D. and Camerini, David and Campo, Joseph J.},
	date={2022-11-25},
	year=2022,
	month=11,
	day=25,
}
@article{Lebrão2020Early,
	journal={Journal of human lactation : official journal of International Lactation Consultant Association},
	doi={10.1177/0890334420960433},
	issn={1552-5732},
	number=4,
	pmid=32985922,
	publisher={J Hum Lact},
	title={Early Identification of IgA Anti-SARSCoV-2 in Milk of Mother With COVID-19 Infection},
	volume=36,
	author={Lebrão, Cibele Wolf and Cruz, Manuela Navarro and Silva, da Mariliza Henrique and Dutra, Letícia Veríssimo and Cristiani, Camila and Affonso Fonseca, Fernando Luiz and Suano-Souza, Fabíola Isabel},
	pages={609--613},
	date={2020-11-01},
	year=2020,
	month=11,
	day=1,
}
@article{Juncker2021Human,
	journal={Journal of human lactation : official journal of International Lactation Consultant Association},
	doi={10.1177/08903344211030171},
	issn={1552-5732},
	number=3,
	pmid=34308720,
	publisher={J Hum Lact},
	title={Human Milk Antibodies Against SARS-CoV-2: A Longitudinal Follow-Up Study},
	volume=37,
	author={Juncker, Hannah G. and Romijn, M. and Loth, Veerle N. and Caniels, Tom G. and de Groot, Christianne J.M. and Pajkrt, Dasja and van Gils, Marit J. and van Goudoever, Johannes B. and van Keulen, Britt J.},
	pages={485--491},
	date={2021-08-01},
	year=2021,
	month=8,
	day=1,
}
@article{Kumar2022SARS-CoV-2,
	journal={The journal of maternal-fetal & neonatal medicine : the official journal of the European Association of Perinatal Medicine, the Federation of Asia and Oceania Perinatal Societies, the International Society of Perinatal Obstetricians},
	doi={10.1080/14767058.2021.1882984},
	issn={1476-4954},
	number=25,
	pmid=33550866,
	publisher={J Matern Fetal Neonatal Med},
	title={SARS-CoV-2 detection in human milk: a systematic review},
	volume=35,
	author={Kumar, Jogender and Meena, Jitendra and Yadav, Arushi and Kumar, Praveen},
	date=2022,
	year=2022,
}
@article{Krogstad2021No,
	journal={medRxiv : the preprint server for health sciences},
	doi={10.1101/2021.04.05.21254897},
	pmid=33851178,
	publisher={medRxiv},
	title={No Evidence of Infectious SARS-CoV-2 in Human Milk: Analysis of a Cohort of 110 Lactating Women},
	author={Krogstad, Paul and Contreras, Deisy and Ng, Hwee and Tobin, Nicole and Chambers, Christina D and Bertrand, Kerri and Bode, Lars and Aldrovandi, Grace},
	date={2021-04-07},
	year=2021,
	month=4,
	day=7,
}
@article{Chambers2020Evaluation,
	journal={JAMA},
	doi={10.1001/JAMA.2020.15580},
	issn={1538-3598},
	number=13,
	pmid=32822495,
	publisher={JAMA},
	title={Evaluation for SARS-CoV-2 in Breast Milk From 18 Infected Women},
	volume=324,
	author={Chambers, Christina and Krogstad, Paul and Bertrand, Kerri and Contreras, Deisy and Tobin, Nicole H. and Bode, Lars and Aldrovandi, Grace},
	pages={1347--1348},
	date=2020,
	year=2020,
}
@techreport{Organization2020Breastfeeding,
	numpages=3,
	title={Breastfeeding and COVID-19: scientific brief, 23 June 2020},
	author={Organization, World Health},
	date=2020,
	year=2020,
}
@article{Juncker2021Comparison,
	journal={Vaccines},
	doi={10.3390/VACCINES9121475},
	issn={2076-393X},
	number=12,
	pmid=34960222,
	publisher={Vaccines (Basel)},
	title={Comparison of SARS-CoV-2-Specific Antibodies in Human Milk after mRNA-Based COVID-19 Vaccination and Infection},
	volume=9,
	author={Juncker, Hannah G. and Mulleners, Sien J. and van Gils, Marit J. and Bijl, Tom P.L. and de Groot, Christianne J.M. and Pajkrt, Dasja and Korosi, Aniko and van Goudoever, Johannes B. and van Keulen, Britt J.},
	date={2021-12-01},
	year=2021,
	month=12,
	day=1,
}
@article{Zilver2023Vaccination,
	journal={International journal of infectious diseases : IJID : official publication of the International Society for Infectious Diseases},
	doi={10.1016/J.IJID.2023.02.022},
	issn={1878-3511},
	pmid=36868302,
	publisher={Int J Infect Dis},
	title={Vaccination from the early second trimester onwards gives a robust SARS-CoV-2 antibody response throughout pregnancy and provides antibodies for the neonate},
	volume=130,
	author={Zilver, S.J.M. and de Groot, C.J.M. and Grobben, M. and Remmelzwaal, S. and Burgers, E. and Nunez Velasco, D. and Juncker, H.G. and van Keulen, B.J. and van Goudoever, J.B. and de Leeuw, R.A. and van Gils, M.J. and Ris-Stalpers, C. and van Leeuwen, E.},
	date={2023-05},
	year=2023,
	month=5,
}
@article{Fu2022Systematic,
	journal={International journal of gynaecology and obstetrics: the official organ of the International Federation of Gynaecology and Obstetrics},
	doi={10.1002/IJGO.14008},
	issn={1879-3479},
	number=3,
	pmid=34735722,
	publisher={Int J Gynaecol Obstet},
	title={Systematic review of the safety, immunogenicity, and effectiveness of COVID-19 vaccines in pregnant and lactating individuals and their infants},
	volume=156,
	author={Fu, Winnie and Sivajohan, Brintha and McClymont, Elisabeth and Albert, Arianne and Elwood, Chelsea and Ogilvie, Gina and Money, Deborah},
	pages={406--417},
	date={2022-03-01},
	year=2022,
	month=3,
	day=1,
}
@article{Jamieson2022update,
	journal={American journal of obstetrics and gynecology},
	doi={10.1016/J.AJOG.2021.08.054},
	issn={1097-6868},
	number=2,
	pmid=34534497,
	publisher={Am J Obstet Gynecol},
	title={An update on COVID-19 and pregnancy},
	volume=226,
	author={Jamieson, Denise J. and Rasmussen, Sonja A.},
	pages={177--186},
	date={2022-02-01},
	year=2022,
	month=2,
	day=1,
}
@article{Shimabukuro2021Preliminary,
	journal={The New England journal of medicine},
	doi={10.1056/NEJMOA2104983},
	issn={1533-4406},
	number=24,
	pmid=33882218,
	publisher={N Engl J Med},
	title={Preliminary Findings of mRNA Covid-19 Vaccine Safety in Pregnant Persons},
	volume=384,
	author={Shimabukuro, Tom T. and Kim, Shin Y. and Myers, Tanya R. and Moro, Pedro L. and Oduyebo, Titilope and Panagiotakopoulos, Lakshmi and Marquez, Paige L. and Olson, Christine K. and Liu, Ruiling and Chang, Karen T. and Ellington, Sascha R. and Burkel, Veronica K. and Smoots, Ashley N. and Green, Caitlin J. and Licata, Charles and Zhang, Bicheng C. and Alimchandani, Meghna and Mba-Jonas, Adamma and Martin, Stacey W. and Gee, Julianne M. and Meaney-Delman, Dana M.},
	pages={2273--2282},
	date={2021-06-17},
	year=2021,
	month=6,
	day=17,
}
@article{Falsaperla2021COVID-19,
	journal={Expert review of vaccines},
	doi={10.1080/14760584.2021.1986390},
	issn={1744-8395},
	number=12,
	pmid=34592123,
	publisher={Expert Rev Vaccines},
	title={COVID-19 vaccination in pregnant and lactating women: a systematic review},
	volume=20,
	author={Falsaperla, Raffaele and Leone, Guido and Familiari, Maria and Ruggieri, Martino},
	pages={1619--1628},
	date=2021,
	year=2021,
}
@article{Simon2015Evolution,
	journal={Proceedings of the Royal Society B: Biological Sciences},
	doi={10.1098/RSPB.2014.3085},
	issn=14712954,
	number=1821,
	pmid=26702035,
	publisher={The Royal Society},
	title={Evolution of the immune system in humans from infancy to old age},
	volume=282,
	author={Simon, A. Katharina and Hollander, Georg A. and McMichael, Andrew},
	date={2015-12-12},
	year=2015,
	month=12,
	day=12,
}
@article{Czosnykowska-Łukacka2020Changes,
	journal={Frontiers in Pediatrics},
	doi={10.3389/FPED.2020.00428},
	issn=22962360,
	pmid=32850542,
	publisher={Frontiers Media SA},
	title={Changes in Human Milk Immunoglobulin Profile During Prolonged Lactation},
	volume=8,
	author={Czosnykowska-Łukacka, Matylda and Lis-Kuberka, Jolanta and Królak-Olejnik, Barbara and Orczyk-Pawiłowicz, Magdalena},
	pages=428,
	date={2020-08-07},
	year=2020,
	month=8,
	day=7,
}
@article{Lönnerdal2017Longitudinal,
	journal={The Journal of nutritional biochemistry},
	doi={10.1016/J.JNUTBIO.2016.06.001},
	issn={1873-4847},
	pmid=27771491,
	publisher={J Nutr Biochem},
	title={Longitudinal evolution of true protein, amino acids and bioactive proteins in breast milk: a developmental perspective},
	volume=41,
	author={Lönnerdal, Bo and Erdmann, Peter and Thakkar, Sagar K. and Sauser, Julien and Destaillats, Frédéric},
	pages={1--11},
	date={2017-03-01},
	year=2017,
	month=3,
	day=1,
}
@article{Rijswijck2022Discriminating,
	journal={Nature Communications 2022 13:1},
	doi={10.1038/s41467-022-33899-1},
	issn={2041-1723},
	number=1,
	pmid=36243713,
	publisher={Nature Publishing Group},
	title={Discriminating cross-reactivity in polyclonal IgG1 responses against SARS-CoV-2 variants of concern},
	volume=13,
	author={van Rijswijck, Danique M.H. and Bondt, Albert and Hoek, Max and van der Straten, Karlijn and Caniels, Tom G. and Poniman, Meliawati and Eggink, Dirk and Reusken, Chantal and de Bree, Godelieve J. and Sanders, Rogier W. and van Gils, Marit J. and Heck, Albert J.R.},
	pages={1--10},
	date={2022-10-15},
	year=2022,
	month=10,
	day=15,
}
@article{Wolf2022Antibody,
	journal={Cells},
	doi={10.3390/CELLS11223662},
	issn={2073-4409},
	number=22,
	pmid=36429090,
	publisher={Cells},
	title={Antibody Levels Poorly Reflect on the Frequency of Memory B Cells Generated following SARS-CoV-2, Seasonal Influenza, or EBV Infection},
	volume=11,
	author={Wolf, Carla and Köppert, Sebastian and Becza, Noémi and Kuerten, Stefanie and Kirchenbaum, Greg A. and Lehmann, V. Paul},
	date={2022-11-01},
	year=2022,
	month=11,
	day=1,
}
@article{Juncker2022Comparing,
	journal={EClinicalMedicine},
	doi={10.1016/J.ECLINM.2022.101393},
	issn={2589-5370},
	pmid=35465077,
	publisher={EClinicalMedicine},
	title={Comparing the human milk antibody response after vaccination with four COVID-19 vaccines: A prospective, longitudinal cohort study in the Netherlands},
	volume=47,
	author={Juncker, Hannah G. and Mulleners, Sien J. and Ruhé, Eliza J.M. and Coenen, Esmée R.M. and Bakker, Sjors and van Doesburg, Maritt and Harinck, Jolinda E. and Rood, Romee D. and Bouhuijs, Joey H. and Oomen, Melissa and de Groot, Prof Christianne J.M. and Pajkrt, Prof Dasja and Korosi, Aniko and van Goudoever, Prof Johannes B. and van Gils, Marit J. and van Keulen, Britt J.},
	date={2022-05-01},
	year=2022,
	month=5,
	day=1,
}
@incollection{Charles A Janeway2001Immunological,
	booktitle={Immunobiology: The Immune System in Health and Disease},
	edition=5,
	publisher={Garland Science},
	address={New York},
	title={Immunological memory},
	author={Charles A Janeway, Jr and Travers, Paul and Walport, Mark and Shlomchik, Mark J},
	date=2001,
	year=2001,
}
@article{Hwang2020Cryo-EM,
	journal={Science (New York, N.Y.)},
	doi={10.1126/SCIENCE.ABB2507},
	issn={1095-9203},
	number=6483,
	pmid=32075877,
	publisher={Science},
	title={Cryo-EM structure of the 2019-nCoV spike in the prefusion conformation},
	volume=367,
	author={Hwang, Soo Seok and Lim, Jaechul and Yu, Zhibin and Kong, Philip and Sefik, Esen and Xu, Hao and Harman, Christian C.D. and Kim, Lark Kyun and Lee, Gap Ryol and Li, Hua Bing and Flavell, Richard A.},
	pages={1255--1260},
	date={2020-03-13},
	year=2020,
	month=3,
	day=13,
}
@article{Yu2023Reducing,
	journal={Nature},
	doi={10.1038/S41586-022-05673-2},
	issn={1476-4687},
	pmid=36725933,
	publisher={Nature},
	title={Reducing affinity as a strategy to boost immunomodulatory antibody agonism},
	author={Yu, Xiaojie and Orr, Christian M. and Chan, H. T. Claude and James, Sonya and Penfold, Christine A. and Kim, Jinny and Inzhelevskaya, Tatyana and Mockridge, C. Ian and Cox, Kerry L. and Essex, Jonathan W. and Tews, Ivo and Glennie, Martin J. and Cragg, Mark S.},
	date={2023-02-01},
	year=2023,
	month=2,
	day=1,
}
@article{Mckinney2010Data,
	title={Data Structures for Statistical Computing in Python},
	author={Mckinney, Wes},
	date=2010,
	year=2010,
}
@article{Walt2011NumPy,
	title={The NumPy array: a structure for efficient numerical computation},
	author={Van Der Walt, Stéfan and Varoquaux, Gael and France, Saclay},
	date=2011,
	year=2011,
}
@article{Virtanen2020SciPy,
	journal={Nature Methods 2020 17:3},
	doi={10.1038/s41592-019-0686-2},
	issn={1548-7105},
	number=3,
	pmid=32015543,
	publisher={Nature Publishing Group},
	title={SciPy 1.0: fundamental algorithms for scientific computing in Python},
	volume=17,
	author={Virtanen, Pauli and Gommers, Ralf and Oliphant, Travis E. and Haberland, Matt and Reddy, Tyler and Cournapeau, David and Burovski, Evgeni and Peterson, Pearu and Weckesser, Warren and Bright, Jonathan and van der Walt, Stéfan J. and Brett, Matthew and Wilson, Joshua and Millman, K. Jarrod and Mayorov, Nikolay and Nelson, Andrew R.J. and Jones, Eric and Kern, Robert and Larson, Eric and Carey, C. J. and Polat, İlhan and Feng, Yu and Moore, Eric W. and VanderPlas, Jake and Laxalde, Denis and Perktold, Josef and Cimrman, Robert and Henriksen, Ian and Quintero, E. A. and Harris, Charles R. and Archibald, Anne M. and Ribeiro, Antônio H. and Pedregosa, Fabian and van Mulbregt, Paul and Vijaykumar, Aditya and Bardelli, Pietro Alessandro and Rothberg, Alex and Hilboll, Andreas and Kloeckner, Andreas and Scopatz, Anthony and Lee, Antony and Rokem, Ariel and Woods, C. Nathan and Fulton, Chad and Masson, Charles and Häggström, Christian and Fitzgerald, Clark and Nicholson, David A. and Hagen, David R. and Pasechnik, V. Dmitrii and Olivetti, Emanuele and Martin, Eric and Wieser, Eric and Silva, Fabrice and Lenders, Felix and Wilhelm, Florian and Young, G. and Price, Gavin A. and Ingold, Gert Ludwig and Allen, Gregory E. and Lee, Gregory R. and Audren, Hervé and Probst, Irvin and Dietrich, Jörg P. and Silterra, Jacob and Webber, James T. and Slavič, Janko and Nothman, Joel and Buchner, Johannes and Kulick, Johannes and Schönberger, Johannes L. and de Miranda Cardoso, José Vinícius and Reimer, Joscha and Harrington, Joseph and Rodríguez, Juan Luis Cano and Nunez-Iglesias, Juan and Kuczynski, Justin and Tritz, Kevin and Thoma, Martin and Newville, Matthew and Kümmerer, Matthias and Bolingbroke, Maximilian and Tartre, Michael and Pak, Mikhail and Smith, Nathaniel J. and Nowaczyk, Nikolai and Shebanov, Nikolay and Pavlyk, Oleksandr and Brodtkorb, Per A. and Lee, Perry and McGibbon, Robert T. and Feldbauer, Roman and Lewis, Sam and Tygier, Sam and Sievert, Scott and Vigna, Sebastiano and Peterson, Stefan and More, Surhud and Pudlik, Tadeusz and Oshima, Takuya and Pingel, Thomas J. and Robitaille, Thomas P. and Spura, Thomas and Jones, Thouis R. and Cera, Tim and Leslie, Tim and Zito, Tiziano and Krauss, Tom and Upadhyay, Utkarsh and Halchenko, Yaroslav O. and Vázquez-Baeza, Yoshiki},
	pages={261--272},
	date={2020-02-03},
	year=2020,
	month=2,
	day=3,
}
@article{Hunter2007Matplotlib:,
	journal={Computing in Science and Engineering},
	doi={10.1109/MCSE.2007.55},
	issn=15219615,
	number=3,
	publisher={IEEE Computer Society},
	title={Matplotlib: A 2D graphics environment},
	volume=9,
	author={Hunter, John D.},
	pages={90--95},
	date=2007,
	year=2007,
}

@article{Schroeder2010Structure,
	journal={Journal of Allergy and Clinical Immunology},
	doi={10.1016/j.jaci.2009.09.046},
	issn=00916749,
	number=2,
	pmid=20176268,
	publisher={NIH Public Access},
	title={Structure and function of immunoglobulins},
	volume=125,
	author={Schroeder, Harry W. and Cavacini, Lisa},
	pages={S41--S52},
	date={2010-02},
	year=2010,
	month=2,
}
@article{Kaplon2021Antibodies,
	journal={mAbs},
	doi={10.1080/19420862.2020.1860476},
	issn=19420870,
	number=1,
	pmid=33459118,
	publisher={MAbs},
	title={Antibodies to watch in 2021},
	volume=13,
	author={Kaplon, Hélène and Reichert, Janice M.},
	date=2021,
	year=2021,
}
@article{Marks2020How,
	journal={The Journal of biological chemistry},
	doi={10.1074/jbc.rev120.010181},
	issn={1083-351X},
	number=29,
	pmid=32409582,
	title={How repertoire data are changing antibody science.},
	volume=295,
	author={Marks, Claire and Deane, Charlotte M},
	pages={9823--9837},
	date={2020-07-17},
	year=2020,
	month=7,
	day=17,
}
@article{Raybould2020Thera-SAbDab:,
	journal={Nucleic acids research},
	doi={10.1093/nar/gkz827},
	issn={1362-4962},
	number={D1},
	pmid=31555805,
	publisher={Oxford Academic},
	title={Thera-SAbDab: the Therapeutic Structural Antibody Database.},
	volume=48,
	author={Raybould, Matthew I J and Marks, Claire and Lewis, Alan P and Shi, Jiye and Bujotzek, Alexander and Taddese, Bruck and Deane, Charlotte M},
	pages={D383--D388},
	date={2020-01-08},
	year=2020,
	month=1,
	day=8,
}
@article{Bornholdt2016Isolation,
	journal={Science},
	doi={10.1126/science.aad5788},
	issn={1095-9203},
	number=6277,
	pmid=26912366,
	publisher={American Association for the Advancement of Science},
	title={Isolation of potent neutralizing antibodies from a survivor of the 2014 Ebola virus outbreak.},
	volume=351,
	author={Bornholdt, Zachary A. and Turner, Hannah L. and Murin, Charles D. and Li, Wen and Sok, Devin and Souders, Colby A. and Piper, Ashley E. and Goff, Arthur and Shamblin, Joshua D. and Wollen, Suzanne E. and Sprague, Thomas R. and Fusco, Marnie L. and Pommert, Kathleen B. J. and Cavacini, Lisa A. and Smith, Heidi L. and Klempner, Mark and Reimann, Keith A. and Krauland, Eric and Gerngross, Tillman U. and Wittrup, Karl D. and Saphire, Erica Ollmann and Burton, Dennis R. and Glass, Pamela J. and Ward, Andrew B. and Walker, Laura M.},
	pages={1078--1083},
	date={2016-03-04},
	year=2016,
	month=3,
	day=4,
}
@article{Corti2016Protective,
	journal={Science (New York, N.Y.)},
	doi={10.1126/science.aad5224},
	isbn={0036-8075},
	issn={1095-9203},
	number=6279,
	pmid=26917593,
	title={Protective monotherapy against lethal Ebola virus infection by a potently neutralizing antibody.},
	volume=351,
	author={Corti, Davide and Misasi, John and Mulangu, Sabue and Stanley, Daphne A and Kanekiyo, Masaru and Wollen, Suzanne and Ploquin, Aurélie and Doria-Rose, Nicole A and Staupe, Ryan P and Bailey, Michael and Shi, Wei and Choe, Misook and Marcus, Hadar and Thompson, Emily A and Cagigi, Alberto and Silacci, Chiara and Fernandez-Rodriguez, Blanca and Perez, Laurent and Sallusto, Federica and Vanzetta, Fabrizia and Agatic, Gloria and Cameroni, Elisabetta and Kisalu, Neville and Gordon, Ingelise and Ledgerwood, Julie E and Mascola, John R and Graham, Barney S and Muyembe-Tamfun, Jean-Jacques and Trefry, John C and Lanzavecchia, Antonio and Sullivan, Nancy J},
	pages={1339--1342},
	date={2016-03-18},
	year=2016,
	month=3,
	day=18,
}
@article{Valgardsdottir2021Identification,
	journal={Antibodies},
	doi={10.3390/antib10030026},
	issn={2073-4468},
	number=3,
	pmid=34287229,
	publisher={Multidisciplinary Digital Publishing Institute},
	title={Identification of Human SARS-CoV-2 Monoclonal Antibodies from Convalescent Patients Using EBV Immortalization},
	volume=10,
	author={Valgardsdottir, Rut and Cattaneo, Irene and Napolitano, Gavino and Raglio, Annibale and Spinelli, Orietta and Salmoiraghi, Silvia and Castilletti, Concetta and Lapa, Daniele and Capobianchi, Maria Rosaria and Farina, Claudio and Golay, Josee},
	pages=26,
	date={2021-07-05},
	year=2021,
	month=7,
	day=5,
}
@article{Schroeder Jr.2006Similarity,
	journal={Dev Comp Immunol},
	edition={2005/08/09},
	doi={10.1016/j.dci.2005.06.006},
	isbn={0145-305X (Print) 0145-305X (Linking)},
	number={1-2},
	note={Schroeder, Harry W Jr
eng
Comparative Study
Review
Dev Comp Immunol. 2006;30(1-2):119-35. doi: 10.1016/j.dci.2005.06.006.},
	pmid=16083957,
	title={Similarity and divergence in the development and expression of the mouse and human antibody repertoires},
	volume=30,
	author={Schroeder Jr., H W},
	pages={119--135},
	date=2006,
	year=2006,
}
@article{Briney2019Commonality,
	journal={Nature},
	doi={10.1038/s41586-019-0879-y},
	issn={1476-4687},
	number=7744,
	pmid=30664748,
	publisher={Nature Publishing Group},
	title={Commonality despite exceptional diversity in the baseline human antibody repertoire.},
	volume=566,
	author={Briney, Bryan and Inderbitzin, Anne and Joyce, Collin and Burton, Dennis R.},
	pages={393--397},
	date={2019-02-21},
	year=2019,
	month=2,
	day=21,
}
@incollection{Hom2022Exploring,
	booktitle={Methods in Molecular Biology: Immune Receptors},
	doi={10.1007/978-1-0716-1944-5_16},
	issn={1940-6029},
	pmid=34870823,
	publisher={Humana},
	address={Clifton (NJ)},
	title={Exploring the Diversity of the B-Cell Receptor Repertoire Through High-Throughput Sequencing},
	volume=2421,
	author={Hom, Jennifer R. and Tomar, Deepak and Tipton, Christopher M.},
	editor={Rast, Jonathan and Buckley, Katherine},
	pages={231--241},
	date=2022,
	year=2022,
}
@article{Altelaar2013Next-generation,
	journal={Nature Reviews Genetics},
	doi={10.1038/nrg3356},
	issn={1471-0056},
	number=1,
	pmid=23207911,
	publisher={Nat Rev Genet},
	title={Next-generation proteomics: towards an integrative view of proteome dynamics},
	volume=14,
	author={Altelaar, A. F. Maarten and Munoz, Javier and Heck, Albert J. R.},
	pages={35--48},
	date={2013-01-04},
	year=2013,
	month=1,
	day=4,
}
@article{Aebersold2016Mass-spectrometric,
	journal={Nature},
	doi={10.1038/nature19949},
	issn={0028-0836},
	number=7620,
	pmid=27629641,
	publisher={Nature},
	title={Mass-spectrometric exploration of proteome structure and function},
	volume=537,
	author={Aebersold, Ruedi and Mann, Matthias},
	pages={347--355},
	date={2016-09-14},
	year=2016,
	month=9,
	day=14,
}
@article{Sen2017Automated,
	journal={Journal of the American Society for Mass Spectrometry},
	doi={10.1007/s13361-016-1580-0},
	issn={1879-1123},
	number=5,
	pmid=28105549,
	publisher={Springer New York LLC},
	title={Automated Antibody De Novo Sequencing and Its Utility in Biopharmaceutical Discovery.},
	volume=28,
	author={Sen, K. Ilker and Tang, Wilfred H and Nayak, Shruti and Kil, Yong J and Bern, Marshall and Ozoglu, Berk and Ueberheide, Beatrix and Davis, Darryl and Becker, Christopher},
	pages={803--810},
	date={2017-05-19},
	year=2017,
	month=5,
	day=19,
}
@article{Peng2021Mass,
	journal={Journal of Proteome Research},
	doi={10.1021/acs.jproteome.1c00169},
	issn={1535-3893},
	number=7,
	pmid=34121409,
	title={Mass Spectrometry-Based De Novo Sequencing of Monoclonal Antibodies Using Multiple Proteases and a Dual Fragmentation Scheme},
	volume=20,
	author={Peng, Weiwei and Pronker, Matti F. and Snijder, Joost},
	pages={3559--3566},
	date={2021-07-02},
	year=2021,
	month=7,
	day=2,
}
@article{Srzentić2020Interlaboratory,
	journal={Journal of the American Society for Mass Spectrometry},
	doi={10.1021/jasms.0c00036},
	issn={1044-0305},
	number=9,
	pmid=32812765,
	title={Interlaboratory Study for Characterizing Monoclonal Antibodies by Top-Down and Middle-Down Mass Spectrometry},
	volume=31,
	author={Srzentić, Kristina and Fornelli, Luca and Tsybin, Yury O. and Loo, Joseph A. and Seckler, Henrique and Agar, Jeffrey N. and Anderson, Lissa C. and Bai, Dina L. and Beck, Alain and Brodbelt, Jennifer S. and van der Burgt, Yuri E. M. and Chamot-Rooke, Julia and Chatterjee, Sneha and Chen, Yunqiu and Clarke, David J. and Danis, Paul O. and Diedrich, Jolene K. and D’Ippolito, Robert A. and Dupré, Mathieu and Gasilova, Natalia and Ge, Ying and Goo, Young Ah and Goodlett, David R. and Greer, Sylvester and Haselmann, Kim F. and He, Lidong and Hendrickson, Christopher L. and Hinkle, Joshua D. and Holt, V. Matthew and Hughes, Sam and Hunt, Donald F. and Kelleher, Neil L. and Kozhinov, Anton N. and Lin, Ziqing and Malosse, Christian and Marshall, Alan G. and Menin, Laure and Millikin, Robert J. and Nagornov, Konstantin O. and Nicolardi, Simone and Paša-Tolić, Ljiljana and Pengelley, Stuart and Quebbemann, Neil R. and Resemann, Anja and Sandoval, Wendy and Sarin, Richa and Schmitt, Nicholas D. and Shabanowitz, Jeffrey and Shaw, Jared B. and Shortreed, Michael R. and Smith, Lloyd M. and Sobott, Frank and Suckau, Detlev and Toby, Timothy and Weisbrod, Chad R. and Wildburger, Norelle C. and Yates, John R. and Yoon, Sung Hwan and Young, Nicolas L. and Zhou, Mowei},
	pages={1783--1802},
	date={2020-09-02},
	year=2020,
	month=9,
	day=2,
}
@article{Aebersold2003Mass,
	journal={Nature},
	doi={10.1038/nature01511},
	issn={0028-0836},
	number=6928,
	pmid=12634793,
	publisher={Nature Publishing Group},
	title={Mass spectrometry-based proteomics},
	volume=422,
	author={Aebersold, Ruedi and Mann, Matthias},
	pages={198--207},
	date={2003-03-13},
	year=2003,
	month=3,
	day=13,
}
@article{Tran2016Complete,
	journal={Scientific Reports},
	doi={10.1038/srep31730},
	isbn={2045-2322 (Electronic)${\textbackslash}$r2045-2322 (Linking)},
	issn=20452322,
	number=31730,
	pmid=27562653,
	title={Complete de Novo Assembly of Monoclonal Antibody Sequences},
	volume=6,
	author={Tran, Ngoc Hieu and Rahman, M Ziaur and He, Lin and Xin, Lei and Shan, Baozhen and Li, Ming},
	pages={1--10},
	date=2016,
	year=2016,
}
@article{Guthals2012Shotgun,
	journal={Molecular & Cellular Proteomics},
	doi={10.1074/mcp.M111.015768},
	issn=15359476,
	number=10,
	note={Times cited: 1},
	pmid=22798278,
	publisher={American Society for Biochemistry and Molecular Biology},
	title={Shotgun Protein Sequencing with Meta-contig Assembly},
	volume=11,
	author={Guthals, Adrian and Clauser, Karl R and Bandeira, Nuno},
	pages={1084--1096},
	date={2012-10},
	year=2012,
	month=10,
}
@incollection{Charles A Janeway2001generation,
	booktitle={Immunobiology: The Immune System in Health and Disease},
	edition=5,
	isbn={0-8153-3642-X},
	publisher={Garland Science},
	address={New York (NY)},
	title={The generation of diversity in immunoglobulins},
	author={Charles A Janeway, Jr and Travers, Paul and Walport, Mark and Shlomchik, Mark J},
	date=2001,
	year=2001,
}
@incollection{Alberts2002Generation,
	booktitle={Molecular Biology of the Cell},
	edition=4,
	isbn={0-8153-3218-1},
	publisher={Garland Science},
	address={New York (NY)},
	title={The Generation of Antibody Diversity},
	author={Alberts, Bruce and Johnson, Alexander and Lewis, Julian and Raff, Martin and Roberts, Keith and Walter, Peter},
	date=2002,
	year=2002,
}
@article{Graaf2022perspective,
	journal={mAbs},
	doi={10.1080/19420862.2022.2079449},
	issn=19420870,
	number=1,
	pmid=35699511,
	publisher={Taylor & Francis},
	title={A perspective toward mass spectrometry-based de novo sequencing of endogenous antibodies},
	volume=14,
	author={de Graaf, Sebastiaan C. and Hoek, Max and Tamara, Sem and Heck, Albert J.R.},
	date=2022,
	year=2022,
}
@article{Schulte2022Template-Based,
	journal={Analytical chemistry},
	doi={10.1021/ACS.ANALCHEM.2C01300},
	issn={1520-6882},
	number=29,
	pmid=35834437,
	publisher={Anal Chem},
	title={Template-Based Assembly of Proteomic Short Reads For De Novo Antibody Sequencing and Repertoire Profiling},
	volume=94,
	author={Schulte, Douwe and Peng, Weiwei and Snijder, Joost},
	pages={10391--10399},
	date={2022-07-26},
	year=2022,
	month=7,
	day=26,
}
@article{Castellana2010Template,
	journal={Molecular & Cellular Proteomics},
	doi={10.1074/mcp.M900504-MCP200},
	issn=15359476,
	number=6,
	pmid=20164058,
	title={Template Proteogenomics: Sequencing Whole Proteins Using an Imperfect Database},
	volume=9,
	author={Castellana, Natalie E and Pham, Victoria and Arnott, David and Lill, Jennie R and Bafna, Vineet},
	pages={1260--1270},
	date={2010-06},
	year=2010,
	month=6,
}
@article{Lefranc2003IMGT,,
	journal={Nucleic Acids Research},
	doi={10.1093/nar/gkg085},
	issn=03051048,
	number=1,
	pmid=9847182,
	publisher={Oxford University Press},
	title={IMGT, the international ImMunoGeneTics database®},
	volume=31,
	author={Lefranc, Marie Paule},
	pages={307--310},
	date={2003-01-01},
	year=2003,
	month=1,
	day=1,
}
@article{Lefranc2020Immunoglobulins,
	journal={Biomedicines},
	doi={10.3390/biomedicines8090319},
	issn={2227-9059},
	number=9,
	pmid=32878258,
	publisher={Biomedicines},
	title={Immunoglobulins or Antibodies: IMGT® Bridging Genes, Structures and Functions},
	volume=8,
	author={Lefranc, Marie-Paule and Lefranc, Gérard},
	pages=319,
	date={2020-08-31},
	year=2020,
	month=8,
	day=31,
}
@article{Toby2016Progress,
	journal={Annual Review of Analytical Chemistry},
	doi={10.1146/annurev-anchem-071015-041550},
	isbn=0710150415,
	issn={1936-1327},
	number=1,
	pmid=27306313,
	title={Progress in Top-Down Proteomics and the Analysis of Proteoforms},
	volume=9,
	author={Toby, Timothy K. and Fornelli, Luca and Kelleher, Neil L.},
	pages={499--519},
	date={2016-06-12},
	year=2016,
	month=6,
	day=12,
}
@article{Johansson2008IdeS:,
	journal={PLoS ONE},
	doi={10.1371/journal.pone.0001692},
	issn={1932-6203},
	number=2,
	pmid=18301769,
	publisher={PLoS One},
	title={IdeS: A Bacterial Proteolytic Enzyme with Therapeutic Potential},
	volume=3,
	author={Johansson, Björn P. and Shannon, Oonagh and Björck, Lars},
	editor={Sollid, Ludvig},
	pages={e1692},
	date={2008-02-27},
	year=2008,
	month=2,
	day=27,
}
@article{Bondt2021Human,
	journal={Cell Systems},
	doi={10.1016/j.cels.2021.08.008},
	issn=24054720,
	number=12,
	pmid=34613904,
	publisher={Cell Press},
	title={Human plasma IgG1 repertoires are simple, unique, and dynamic},
	volume=12,
	author={Bondt, Albert and Hoek, Max and Tamara, Sem and de Graaf, Bastiaan and Peng, Weiwei and Schulte, Douwe and van Rijswijck, Danique M.H. and den Boer, Maurits A. and Greisch, Jean François and Varkila, Meri R.J. and Snijder, Joost and Cremer, Olaf L. and Bonten, Marc J.M. and Heck, Albert J.R.},
	pages={1131--1143.e5},
	date=2021,
	year=2021,
}
@article{Dupré2021De,
	journal={Analytical Chemistry},
	doi={10.1021/acs.analchem.1c01955},
	issn=15206882,
	number=30,
	pmid=34292722,
	publisher={American Chemical Society},
	title={De Novo Sequencing of Antibody Light Chain Proteoforms from Patients with Multiple Myeloma},
	volume=93,
	author={Dupré, Mathieu and Duchateau, Magalie and Sternke-Hoffmann, Rebecca and Boquoi, Amelie and Malosse, Christian and Fenk, Roland and Haas, Rainer and Buell, Alexander K. and Rey, Martial and Chamot-Rooke, Julia},
	pages={10627--10634},
	date={2021-08-03},
	year=2021,
	month=8,
	day=3,
}
@article{Lefranc1997Unique,
	journal={Immunology today},
	doi={10.1016/s0167-5699(97)01163-8},
	issn={0167-5699},
	number=11,
	pmid=9386342,
	publisher={Elsevier Ltd},
	title={Unique database numbering system for immunogenetic analysis.},
	volume=18,
	author={Lefranc, Marie Paule},
	pages=509,
	date={1997-11},
	year=1997,
	month=11,
}
@article{Melani2019Direct,
	journal={mAbs},
	doi={10.1080/19420862.2019.1668226},
	issn=19420870,
	number=8,
	pmid=31607219,
	publisher={Taylor & Francis},
	title={Direct measurement of light and heavy antibody chains using ion mobility and middle-down mass spectrometry},
	volume=11,
	author={Melani, Rafael D. and Srzentić, Kristina and Gerbasi, Vincent R. and McGee, John P. and Huguet, Romain and Fornelli, Luca and Kelleher, Neil L.},
	pages=1351,
	date={2019-11-17},
	year=2019,
	month=11,
	day=17,
}
@article{Bondt2021Direct,
	journal={Frontiers in immunology},
	doi={10.3389/FIMMU.2021.789748},
	issn={1664-3224},
	pmid=34938298,
	publisher={Front Immunol},
	title={A Direct MS-Based Approach to Profile Human Milk Secretory Immunoglobulin A (IgA1) Reveals Donor-Specific Clonal Repertoires With High Longitudinal Stability},
	volume=12,
	author={Bondt, Albert and Dingess, Kelly A. and Hoek, Max and van Rijswijck, Danique M.H. and Heck, Albert J.R.},
	date={2021-12-06},
	year=2021,
	month=12,
	day=6,
}
@article{Ma2003PEAKS:,
	journal={Rapid Communications in Mass Spectrometry},
	doi={10.1002/rcm.1196},
	isbn={1097-0231},
	issn={0951-4198},
	number=20,
	pmid=14558135,
	title={PEAKS: powerful software for peptide de novo sequencing by tandem mass spectrometry},
	volume=17,
	author={Ma, Bin and Zhang, Kaizhong and Hendrie, Christopher and Liang, Chengzhi and Li, Ming and Doherty-Kirby, Amanda and Lajoie, Gilles},
	pages={2337--2342},
	date=2003,
	year=2003,
}
@article{Olsen2004Improved,
	title={Improved peptide identification in proteomics by two consecutive stages of mass spectrometric fragmentation},
	volume=101,
	author={Olsen, V Jesper and Mann, Matthias},
	date=2004,
	year=2004,
}
@article{Perez-Riverol2022PRIDE,
	journal={Nucleic acids research},
	doi={10.1093/NAR/GKAB1038},
	issn={1362-4962},
	number={D1},
	pmid=34723319,
	publisher={Nucleic Acids Res},
	title={The PRIDE database resources in 2022: a hub for mass spectrometry-based proteomics evidences},
	volume=50,
	author={Perez-Riverol, Yasset and Bai, Jingwen and Bandla, Chakradhar and García-Seisdedos, David and Hewapathirana, Suresh and Kamatchinathan, Selvakumar and Kundu, Deepti J. and Prakash, Ananth and Frericks-Zipper, Anika and Eisenacher, Martin and Walzer, Mathias and Wang, Shengbo and Brazma, Alvis and Vizcaíno, Juan Antonio},
	pages={D543--D552},
	date={2022-01-07},
	year=2022,
	month=1,
	day=7,
}

@article{Wolf2022Antibody,
  journal   = {Cells},
  doi       = {10.3390/CELLS11223662},
  issn      = {2073-4409},
  number    = 22,
  pmid      = 36429090,
  publisher = {Cells},
  title     = {Antibody Levels Poorly Reflect on the Frequency of Memory B Cells Generated following SARS-CoV-2, Seasonal Influenza, or EBV Infection},
  volume    = 11,
  author    = {Wolf, Carla and Köppert, Sebastian and Becza, Noémi and Kuerten, Stefanie and Kirchenbaum, Greg A. and Lehmann, V. Paul},
  date      = {2022-11-01},
  year      = 2022,
  month     = 11,
  day       = 1
}
@article{Raybould2020Thera-SAbDab:,
  journal   = {Nucleic Acids Research},
  doi       = {10.1093/nar/gkz827},
  issn      = {0305-1048},
  number    = {D1},
  pmid      = 31555805,
  publisher = {Oxford Academic},
  title     = {Thera-SAbDab: the Therapeutic Structural Antibody Database},
  volume    = 48,
  author    = {Raybould, Matthew I J and Marks, Claire and Lewis, Alan P and Shi, Jiye and Bujotzek, Alexander and Taddese, Bruck and Deane, Charlotte M},
  pages     = {D383--D388},
  date      = {2020-01-08},
  year      = 2020,
  month     = 1,
  day       = 8
}
@article{Mullard2021FDA,
  journal   = {Nature reviews. Drug discovery},
  doi       = {10.1038/d41573-021-00079-7},
  issn      = {1474-1784},
  number    = 7,
  pmid      = 33953368,
  publisher = {NLM (Medline)},
  title     = {FDA approves 100th monoclonal antibody product.},
  volume    = 20,
  author    = {Mullard, Asher},
  pages     = {491--495},
  date      = {2021-07-05},
  year      = 2021,
  month     = 7,
  day       = 5
}
@article{Simon2011Genomic,
  journal   = {EMBO Molecular Medicine},
  doi       = {10.1002/EMMM.201100153},
  issn      = 17574676,
  number    = 8,
  pmid      = 21744497,
  publisher = {Wiley-Blackwell},
  title     = {Genomic biomarkers in predictive medicine. An interim analysis},
  volume    = 3,
  author    = {Simon, Richard},
  pages     = 429,
  date      = {2011-08},
  year      = 2011,
  month     = 8
}
@article{Cui2022High-throughput,
  journal   = {Laboratory investigation; a journal of technical methods and pathology},
  doi       = {10.1038/s41374-022-00830-7},
  issn      = {1530-0307},
  number    = 11,
  pmid      = 36775443,
  publisher = {Lab Invest},
  title     = {High-throughput proteomics: a methodological mini-review.},
  volume    = 102,
  author    = {Cui, Miao and Cheng, Chao and Zhang, Lanjing},
  pages     = {1170--1181},
  date      = {2022-11-01},
  year      = 2022,
  month     = 11,
  day       = 1
}
@article{Vidarsson2014IgG,
  journal   = {Frontiers in Immunology},
  doi       = {10.3389/FIMMU.2014.00520},
  issn      = 16643224,
  pmid      = 25368619,
  publisher = {Frontiers Media SA},
  title     = {IgG Subclasses and Allotypes: From Structure to Effector Functions},
  volume    = 5,
  author    = {Vidarsson, Gestur and Dekkers, Gillian and Rispens, Theo},
  date      = 2014,
  year      = 2014
}
@article{Xu2012Immunoglobulin,
  journal   = {Nature reviews. Immunology},
  doi       = {10.1038/NRI3216},
  issn      = 14741733,
  number    = 7,
  pmid      = 22728528,
  publisher = {NIH Public Access},
  title     = {Immunoglobulin class switch DNA recombination: induction, targeting and beyond},
  volume    = 12,
  author    = {Xu, Zhenming and Zan, Hong and Pone, Egest J. and Mai, Thach and Casali, Paolo},
  pages     = 517,
  date      = {2012-07},
  year      = 2012,
  month     = 7
}
@article{Guthals2017De,
  journal = {Journal of Proteome Research},
  doi     = {10.1021/acs.jproteome.6b00608},
  issn    = {1535-3893},
  number  = 1,
  title   = {De Novo MS/MS Sequencing of Native Human Antibodies},
  volume  = 16,
  author  = {Guthals, Adrian and Gan, Yutian and Murray, Laura and Chen, Yongmei and Stinson, Jeremy and Nakamura, Gerald and Lill, Jennie R and Sandoval, Wendy and Bandeira, Nuno},
  pages   = {45--54},
  date    = {2017-01-06},
  year    = 2017,
  month   = 1,
  day     = 6
}
@article{Tabb2008DirecTag:,
  journal = {Journal of Proteome Research},
  doi     = {10.1021/PR800154P},
  issn    = 15353893,
  number  = 9,
  pmid    = 18630943,
  title   = {DirecTag: Accurate sequence tags from peptide MS/MS through statistical scoring},
  volume  = 7,
  author  = {Tabb, David L. and Ze-Qiang, Ma and Martin, Daniel B. and Ham, Amy Joan L. and Chambers, Matthew C.},
  pages   = {3838--3846},
  date    = {2008-09},
  year    = 2008,
  month   = 9
}
@article{He2018Protein,
  journal = {International Journal of Mass Spectrometry},
  doi     = {10.1016/j.ijms.2017.11.012},
  issn    = 13873806,
  title   = {Protein de novo sequencing by top-down and middle-down MS/MS: Limitations imposed by mass measurement accuracy and gaps in sequence coverage},
  volume  = 427,
  author  = {He, Lidong and Weisbrod, Chad R and Marshall, Alan G},
  pages   = {107--113},
  date    = {2018-04},
  year    = 2018,
  month   = 4
}
@article{Wilm1996Analytical,
  journal   = {Analytical Chemistry},
  doi       = {10.1021/AC9509519/ASSET/IMAGES/LARGE/AC9509519F00006.JPEG},
  issn      = 00032700,
  number    = 1,
  pmid      = 8779426,
  publisher = {American Chemical Society},
  title     = {Analytical properties of the nanoelectrospray ion source},
  volume    = 68,
  author    = {Wilm, Matthias and Mann, Matthias},
  pages     = {1--8},
  date      = 1996,
  year      = 1996
}
@article{Gatlin1998Protein,
  journal   = {Analytical Biochemistry},
  doi       = {10.1006/ABIO.1998.2809},
  issn      = {0003-2697},
  number    = 1,
  pmid      = 9750149,
  publisher = {Academic Press},
  title     = {Protein Identification at the Low Femtomole Level from Silver-Stained Gels Using a New Fritless Electrospray Interface for Liquid Chromatography–Microspray and Nanospray Mass Spectrometry},
  volume    = 263,
  author    = {Gatlin, Christine L. and Kleemann, Gerd R. and Hays, Lara G. and Link, Andrew J. and Yates, John R.},
  pages     = {93--101},
  date      = {1998-10-01},
  year      = 1998,
  month     = 10,
  day       = 1
}
@article{Vasilopoulou2020Trapped,
  journal   = {Nature Communications},
  doi       = {10.1038/s41467-019-14044-x},
  issn      = {2041-1723},
  number    = 1,
  pmid      = 31949144,
  publisher = {Nature Publishing Group},
  title     = {Trapped ion mobility spectrometry and PASEF enable in-depth lipidomics from minimal sample amounts},
  volume    = 11,
  author    = {Vasilopoulou, Catherine G. and Sulek, Karolina and Brunner, Andreas-David and Meitei, Ningombam Sanjib and Schweiger-Hufnagel, Ulrike and Meyer, Sven W. and Barsch, Aiko and Mann, Matthias and Meier, Florian},
  pages     = 331,
  date      = {2020-01-16},
  year      = 2020,
  month     = 1,
  day       = 16
}
@article{Ridgeway2018Trapped,
  journal   = {International Journal of Mass Spectrometry},
  doi       = {10.1016/J.IJMS.2018.01.006},
  issn      = {1387-3806},
  publisher = {Elsevier},
  title     = {Trapped ion mobility spectrometry: A short review},
  volume    = 425,
  author    = {Ridgeway, Mark E. and Lubeck, Markus and Jordens, Jan and Mann, Mattias and Park, Melvin A.},
  pages     = {22--35},
  date      = {2018-02-01},
  year      = 2018,
  month     = 2,
  day       = 1
}
@article{Graham2023Characterizing,
  doi    = {10.26434/CHEMRXIV-2022-W8S4N-V3},
  title  = {Characterizing the Top-down Sequencing of Protein Ions Prior to Mobility Separation in a timsTOF},
  author = {Graham, Katherine A and Lawlor, Charles F and Borotto, Nicholas B},
  date   = {2023-02-13},
  year   = 2023,
  month  = 2,
  day    = 13
}
@article{Grinfeld2017Phase-constrained,
  journal   = {Analytical Chemistry},
  doi       = {10.1021/ACS.ANALCHEM.6B03636},
  issn      = 15206882,
  number    = 2,
  pmid      = 27982570,
  publisher = {American Chemical Society},
  title     = {Phase-constrained spectrum deconvolution for fourier transform mass spectrometry},
  volume    = 89,
  author    = {Grinfeld, Dmitry and Aizikov, Konstantin and Kreutzmann, Arne and Damoc, Eugen and Makarov, Alexander},
  pages     = {1202--1211},
  date      = {2017-01-17},
  year      = 2017,
  month     = 1,
  day       = 17
}
@article{Jeong2022FLASHIda,
  journal   = {Nature communications},
  doi       = {10.1038/S41467-022-31922-Z},
  issn      = {2041-1723},
  number    = 1,
  pmid      = 35906205,
  publisher = {Nat Commun},
  title     = {FLASHIda enables intelligent data acquisition for top-down proteomics to boost proteoform identification counts},
  volume    = 13,
  author    = {Jeong, Kyowon and Babović, Maša and Gorshkov, Vladimir and Kim, Jihyung and Jensen, Ole N. and Kohlbacher, Oliver},
  date      = {2022-12-01},
  year      = 2022,
  month     = 12,
  day       = 1
}
@article{Boer2020Selectivity,
  journal   = {Chemical Science},
  doi       = {10.1039/D0SC03438J},
  issn      = 20416539,
  number    = 43,
  publisher = {Royal Society of Chemistry},
  title     = {Selectivity over coverage in de novo sequencing of IgGs},
  volume    = 11,
  author    = {Den Boer, Maurits A. and Greisch, Jean Francois and Tamara, Sem and Bondt, Albert and Heck, Albert J.R.},
  pages     = {11886--11896},
  date      = {2020-11-11},
  year      = 2020,
  month     = 11,
  day       = 11
}
@article{Dupré2021De,
  journal   = {Analytical Chemistry},
  doi       = {10.1021/ACS.ANALCHEM.1C01955/SUPPL_FILE/AC1C01955_SI_003.TXT},
  issn      = 15206882,
  number    = 30,
  publisher = {American Chemical Society},
  title     = {De Novo Sequencing of Antibody Light Chain Proteoforms from Patients with Multiple Myeloma},
  volume    = 93,
  author    = {Dupré, Mathieu and Duchateau, Magalie and Sternke-Hoffmann, Rebecca and Boquoi, Amelie and Malosse, Christian and Fenk, Roland and Haas, Rainer and Buell, Alexander K. and Rey, Martial and Chamot-Rooke, Julia},
  pages     = {10627--10634},
  date      = {2021-08-03},
  year      = 2021,
  month     = 8,
  day       = 3
}
@article{Brodbelt2016Ion,
  journal = {Analytical Chemistry},
  doi     = {10.1021/acs.analchem.5b04563},
  isbn    = {1520-6882 (Electronic){\textbackslash}r0003-2700 (Linking)},
  issn    = 15206882,
  number  = 1,
  pmid    = 26630359,
  title   = {Ion Activation Methods for Peptides and Proteins},
  volume  = 88,
  author  = {Brodbelt, Jennifer S.},
  pages   = {30--51},
  date    = 2016,
  year    = 2016
}
@article{Klein2021mobiusklein/ms_deisotope:,
  doi    = {10.5281/ZENODO.5759830},
  title  = {mobiusklein/ms_deisotope: Release v0.0.33},
  author = {Klein, Joshua and heckendorfc and Lukauskas, Saulius and mstim},
  date   = {2021-12-05},
  year   = 2021,
  month  = 12,
  day    = 5
}
@article{Schulte2022Template-Based,
  journal   = {Analytical chemistry},
  doi       = {10.1021/ACS.ANALCHEM.2C01300},
  issn      = {1520-6882},
  number    = 29,
  pmid      = 35834437,
  publisher = {Anal Chem},
  title     = {Template-Based Assembly of Proteomic Short Reads For De Novo Antibody Sequencing and Repertoire Profiling},
  volume    = 94,
  author    = {Schulte, Douwe and Peng, Weiwei and Snijder, Joost},
  pages     = {10391--10399},
  date      = {2022-07-26},
  year      = 2022,
  month     = 7,
  day       = 26
}
@article{Ma2003PEAKS:,
  journal   = {Rapid Communications in Mass Spectrometry},
  doi       = {10.1002/rcm.1196},
  issn      = {0951-4198},
  number    = 20,
  publisher = {Wiley-Blackwell},
  title     = {PEAKS: powerful software for peptidede novo sequencing by tandem mass spectrometry},
  volume    = 17,
  author    = {Ma, Bin and Zhang, Kaizhong and Hendrie, Christopher and Liang, Chengzhi and Li, Ming and Doherty-Kirby, Amanda and Lajoie, Gilles},
  pages     = {2337--2342},
  date      = {2003-10},
  year      = 2003,
  month     = 10
}
@article{Peng2021Mass,
  journal   = {Journal of Proteome Research},
  doi       = {10.1021/ACS.JPROTEOME.1C00169},
  issn      = 15353907,
  number    = 7,
  pmid      = 34121409,
  publisher = {American Chemical Society},
  title     = {Mass Spectrometry-BasedDe NovoSequencing of Monoclonal Antibodies Using Multiple Proteases and a Dual Fragmentation Scheme},
  volume    = 20,
  author    = {Peng, Weiwei and Pronker, Matti F. and Snijder, Joost},
  pages     = {3559--3566},
  date      = {2021-07-02},
  year      = 2021,
  month     = 7,
  day       = 2
}
@article{Johnston2022Solvent,
  journal   = {Analytical Chemistry},
  doi       = {10.1021/ACS.ANALCHEM.1C04200/SUPPL_FILE/AC1C04200_SI_002.XLSX},
  issn      = 15206882,
  number    = 29,
  publisher = {American Chemical Society},
  title     = {Solvent Precipitation SP3 (SP4) Enhances Recovery for Proteomics Sample Preparation without Magnetic Beads},
  volume    = 94,
  author    = {Johnston, Harvey E. and Yadav, Kranthikumar and Kirkpatrick, Joanna M. and Biggs, George S. and Oxley, David and Kramer, Holger B. and Samant, Rahul S.},
  pages     = {10320--10328},
  date      = {2022-07-26},
  year      = 2022,
  month     = 7,
  day       = 26
}

