@article{Schroeder2006Similarity,
	journal={Developmental and Comparative Immunology},
	doi={10.1016/j.dci.2005.06.006},
	issn={0145305X},
	number={1-2},
	pmid=16083957,
	publisher={Elsevier Ltd},
	title={Similarity and divergence in the development and expression of the mouse and human antibody repertoires},
	volume=30,
	author={Schroeder, Harry W.},
	pages={119--135},
	date=2006,
	year=2006,
}
@article{Apostoaei2012REVIEW,,
	title={REVIEW, SYNTHESIS, AND APPLICATION OF INFORMATION ON THE HUMAN LYMPHATIC SYSTEM TO RADIATION DOSIMETRY FOR CHRONIC LYMPHOCYTIC LEUKEMIA FINAL REPORT},
	author={Apostoaei, A Iulian and Trabalka, John R},
	date=2012,
	year=2012,
}
@article{Briney2019Commonality,
	journal={Nature},
	doi={10.1038/S41586-019-0879-Y},
	issn=14764687,
	number=7744,
	pmid=30664748,
	publisher={Nature Publishing Group},
	title={Commonality despite exceptional diversity in the baseline human antibody repertoire},
	volume=566,
	author={Briney, Bryan and Inderbitzin, Anne and Joyce, Collin and Burton, Dennis R.},
	pages={393--397},
	date={2019-02-21},
	year=2019,
	month=2,
	day=21,
}
@article{Soto2019High,
	journal={Nature},
	doi={10.1038/S41586-019-0934-8},
	issn=14764687,
	number=7744,
	pmid=30760926,
	publisher={Nature Publishing Group},
	title={High frequency of shared clonotypes in human B cell receptor repertoires},
	volume=566,
	author={Soto, Cinque and Bombardi, Robin G. and Branchizio, Andre and Kose, Nurgun and Matta, Pranathi and Sevy, Alexander M. and Sinkovits, Robert S. and Gilchuk, Pavlo and Finn, Jessica A. and Crowe, James E.},
	pages={398--402},
	date={2019-02-21},
	year=2019,
	month=2,
	day=21,
}
@article{Corti2016Protective,
	journal={Science},
	doi={10.1126/SCIENCE.AAD5224},
	issn=10959203,
	number=6279,
	pmid=26917593,
	publisher={American Association for the Advancement of Science},
	title={Protective monotherapy against lethal Ebola virus infection by a potently neutralizing antibody},
	volume=351,
	author={Corti, Davide and Misasi, John and Mulangu, Sabue and Stanley, Daphne A. and Kanekiyo, Masaru and Wollen, Suzanne and Ploquin, Aurélie and Doria-Rose, Nicole A. and Staupe, Ryan P. and Bailey, Michael and Shi, Wei and Choe, Misook and Marcus, Hadar and Thompson, Emily A. and Cagigi, Alberto and Silacci, Chiara and Fernandez-Rodriguez, Blanca and Perez, Laurent and Sallusto, Federica and Vanzetta, Fabrizia and Agatic, Gloria and Cameroni, Elisabetta and Kisalu, Neville and Gordon, Ingelise and Ledgerwood, Julie E. and Mascola, John R. and Graham, Barney S. and Muyembe-Tamfun, Jean Jacques and Trefry, John C. and Lanzavecchia, Antonio and Sullivan, Nancy J.},
	pages={1339--1342},
	date={2016-03-18},
	year=2016,
	month=3,
	day=18,
}
@article{Dyer2019Two,
	journal={BMJ (Clinical research ed.)},
	doi={10.1136/BMJ.L5140},
	issn=17561833,
	pmid=31409588,
	publisher={NLM (Medline)},
	title={Two Ebola treatments halve deaths in trial in DRC outbreak},
	volume=366,
	author={Dyer, Owen},
	pages={l5140},
	date={2019-08-13},
	year=2019,
	month=8,
	day=13,
}
@article{Mulangu2019Randomized,,
	journal={New England Journal of Medicine},
	doi={10.1056/NEJMOA1910993},
	issn={0028-4793},
	number=24,
	pmid=31774950,
	publisher={Massachusetts Medical Society},
	title={A Randomized, Controlled Trial of Ebola Virus Disease Therapeutics},
	volume=381,
	author={Mulangu, Sabue and Dodd, Lori E. and Davey, Richard T. and Tshiani Mbaya, Olivier and Proschan, Michael and Mukadi, Daniel and Lusakibanza Manzo, Mariano and Nzolo, Didier and Tshomba Oloma, Antoine and Ibanda, Augustin and Ali, Rosine and Coulibaly, Sinaré and Levine, Adam C. and Grais, Rebecca and Diaz, Janet and Lane, H. Clifford and Muyembe-Tamfum, Jean-Jacques and the PALM Writing Group},
	pages={2293--2303},
	date={2019-12-12},
	year=2019,
	month=12,
	day=12,
}
@article{Jones2021neutralizing,
	journal={Science Translational Medicine},
	doi={10.1126/SCITRANSLMED.ABF1906},
	issn=19466242,
	number=593,
	pmid=33820835,
	publisher={American Association for the Advancement of Science},
	title={The neutralizing antibody, LY-CoV555, protects against SARS-CoV-2 infection in nonhuman primates},
	volume=13,
	author={Jones, Bryan E. and Brown-Augsburger, Patricia L. and Corbett, Kizzmekia S. and Westendorf, Kathryn and Davies, Julian and Cujec, Thomas P. and Wiethoff, Christopher M. and Blackbourne, Jamie L. and Heinz, Beverly A. and Foster, Denisa and Higgs, Richard E. and Balasubramaniam, Deepa and Wang, Lingshu and Zhang, Yi and Yang, Eun Sung and Bidshahri, Roza and Kraft, Lucas and Hwang, Yuri and Žentelis, Stefanie and Jepson, Kevin R. and Goya, Rodrigo and Smith, Maia A. and Collins, David W. and Hinshaw, Samuel J. and Tycho, Sean A. and Pellacani, Davide and Xiang, Ping and Muthuraman, Krithika and Sobhanifar, Solmaz and Piper, Marissa H. and Triana, Franz J. and Hendle, Jorg and Pustilnik, Anna and Adams, Andrew C. and Berens, Shawn J. and Baric, Ralph S. and Martinez, David R. and Cross, Robert W. and Geisbert, Thomas W. and Borisevich, Viktoriya and Abiona, Olubukola and Belli, Hayley M. and de Vries, Maren and Mohamed, Adil and Dittmann, Meike and Samanovic, Marie I. and Mulligan, Mark J. and Goldsmith, Jory A. and Hsieh, Ching Lin and Johnson, V. Nicole and Wrapp, Daniel and McLellan, Jason S. and Barnhart, Bryan C. and Graham, Barney S. and Mascola, John R. and Hansen, Carl L. and Falconer, Ester},
	date={2021-05-12},
	year=2021,
	month=5,
	day=12,
}
@article{Georgiou2014promise,
	journal={Nature Biotechnology},
	doi={10.1038/NBT.2782},
	issn=10870156,
	number=2,
	pmid=24441474,
	title={The promise and challenge of high-throughput sequencing of the antibody repertoire},
	volume=32,
	author={Georgiou, George and Ippolito, Gregory C. and Beausang, John and Busse, Christian E. and Wardemann, Hedda and Quake, Stephen R.},
	pages={158--168},
	date={2014-02},
	year=2014,
	month=2,
}
@article{Vollmers2013Genetic,
	journal={Proceedings of the National Academy of Sciences of the United States of America},
	doi={10.1073/PNAS.1312146110},
	issn=00278424,
	number=33,
	pmid=23898164,
	title={Genetic measurement of memory B-cell recall using antibody repertoire sequencing},
	volume=110,
	author={Vollmers, Christopher and Sit, V. Rene and Weinstein, Joshua A. and Dekker, Cornelia L. and Quake, Stephen R.},
	pages={13463--13468},
	date={2013-08-13},
	year=2013,
	month=8,
	day=13,
}
@article{Cassidy1975Human,
	journal={The Journal of Allergy and Clinical Immunology},
	doi={10.1016/S0091-6749(75)80006-6},
	issn=00916749,
	number=1,
	pmid=803275,
	title={Human serum immunoglobulin concentrations: Prevalence of immunoglobulin deficiencies},
	volume=55,
	author={Cassidy, James T. and Nordby, Gordon L.},
	pages={35--48},
	date=1975,
	year=1975,
}
@article{Gonzalez-Quintela2008Serum,
	journal={Clinical and Experimental Immunology},
	doi={10.1111/J.1365-2249.2007.03545.X},
	issn=00099104,
	number=1,
	pmid=18005364,
	title={Serum levels of immunoglobulins (IgG, IgA, IgM) in a general adult population and their relationship with alcohol consumption, smoking and common metabolic abnormalities},
	volume=151,
	author={Gonzalez-Quintela, A. and Alende, R. and Gude, F. and Campos, J. and Rey, J. and Meijide, L. M. and Fernandez-Merino, C. and Vidal, C.},
	pages={42--50},
	date={2008-01},
	year=2008,
	month=1,
}
@article{Giessen1975QUANTIFICATION,
	journal={Clin. exp. Immunol},
	title={QUANTIFICATION OF IgG SUBCLASSES IN SERA OF NORMAL ADULTS AND HEALTHY CHILDREN BETWEEN 4 AND 12 YEARS OF AGE},
	volume=21,
	author={Van Der Giessen, Marijke and Rossouw, Emmerentia and Algra-Van Veen, Tineke and Loghem, Van Erna and Zegers, B J M and Sander, P C},
	pages={501--509},
	date=1975,
	year=1975,
}
@article{Chen2017Proteomic,
	journal={Cell Reports},
	doi={10.1016/j.celrep.2016.12.013},
	issn=22111247,
	number=1,
	pmid=28052253,
	publisher={Elsevier B.V.},
	title={Proteomic Analysis of Pemphigus Autoantibodies Indicates a Larger, More Diverse, and More Dynamic Repertoire than Determined by B Cell Genetics},
	volume=18,
	author={Chen, Jing and Zheng, Qi and Hammers, Christoph M. and Ellebrecht, Christoph T. and Mukherjee, Eric M. and Tang, Hsin Yao and Lin, Chenyan and Yuan, Huijie and Pan, Meng and Langenhan, Jana and Komorowski, Lars and Siegel, Don L. and Payne, Aimee S. and Stanley, John R.},
	pages={237--247},
	date={2017-01-03},
	year=2017,
	month=1,
	day=3,
}
@article{Lavinder2014Identification,
	journal={Proceedings of the National Academy of Sciences of the United States of America},
	doi={10.1073/PNAS.1317793111},
	issn=00278424,
	number=6,
	pmid=24469811,
	title={Identification and characterization of the constituent human serum antibodies elicited by vaccination},
	volume=111,
	author={Lavinder, Jason J. and Wine, Yariv and Giesecke, Claudia and Ippolito, Gregory C. and Horton, Andrew P. and Lungu, Oana I. and Hoi, Kam Hon and DeKosky, Brandon J. and Murrin, Ellen M. and Wirth, Megan M. and Ellington, Andrew D. and Dörner, Thomas and Marcotte, Edward M. and Boutz, Daniel R. and Georgiou, George},
	pages={2259--2264},
	date={2014-02-11},
	year=2014,
	month=2,
	day=11,
}
@article{Lee2016Molecular-level,
	journal={Nature Medicine},
	doi={10.1038/NM.4224},
	issn={1546170X},
	number=12,
	pmid=27820605,
	publisher={Nature Publishing Group},
	title={Molecular-level analysis of the serum antibody repertoire in young adults before and after seasonal influenza vaccination},
	volume=22,
	author={Lee, Jiwon and Boutz, Daniel R. and Chromikova, Veronika and Joyce, M. Gordon and Vollmers, Christopher and Leung, Kwanyee and Horton, Andrew P. and DeKosky, Brandon J. and Lee, Chang Han and Lavinder, Jason J. and Murrin, Ellen M. and Chrysostomou, Constantine and Hoi, Kam Hon and Tsybovsky, Yaroslav and Thomas, V. Paul and Druz, Aliaksandr and Zhang, Baoshan and Zhang, Yi and Wang, Lingshu and Kong, Wing Pui and Park, Daechan and Popova, Lyubov I. and Dekker, Cornelia L. and Davis, Mark M. and Carter, Chalise E. and Ross, Ted M. and Ellington, Andrew D. and Wilson, Patrick C. and Marcotte, Edward M. and Mascola, John R. and Ippolito, Gregory C. and Krammer, Florian and Quake, Stephen R. and Kwong, Peter D. and Georgiou, George},
	pages={1456--1464},
	date={2016-12-01},
	year=2016,
	month=12,
	day=1,
}
@article{Lee2019Persistent,
	journal={Cell Host and Microbe},
	doi={10.1016/j.chom.2019.01.010},
	issn=19346069,
	number=3,
	pmid=30795981,
	publisher={Cell Press},
	title={Persistent Antibody Clonotypes Dominate the Serum Response to Influenza over Multiple Years and Repeated Vaccinations},
	volume=25,
	author={Lee, Jiwon and Paparoditis, Philipp and Horton, Andrew P. and Frühwirth, Alexander and McDaniel, Jonathan R. and Jung, Jiwon and Boutz, Daniel R. and Hussein, Dania A. and Tanno, Yuri and Pappas, Leontios and Ippolito, Gregory C. and Corti, Davide and Lanzavecchia, Antonio and Georgiou, George},
	pages={367--376.e5},
	date={2019-03-13},
	year=2019,
	month=3,
	day=13,
}
@article{Wine2013Molecular,
	journal={Proceedings of the National Academy of Sciences of the United States of America},
	doi={10.1073/PNAS.1213737110},
	issn=00278424,
	number=8,
	pmid=23382245,
	title={Molecular deconvolution of the monoclonal antibodies that comprise the polyclonal serum response},
	volume=110,
	author={Wine, Yariv and Boutz, Daniel R. and Lavinder, Jason J. and Miklos, Aleksandr E. and Hughes, Randall A. and Hoi, Kam Hon and Jung, Sang Taek and Horton, Andrew P. and Murrin, Ellen M. and Ellington, Andrew D. and Marcotte, Edward M. and Georgiou, George},
	pages={2993--2998},
	date={2013-02-19},
	year=2013,
	month=2,
	day=19,
}
@article{Barnidge2014Phenotyping,
	journal={Journal of Proteome Research},
	doi={10.1021/PR5005967},
	issn=15353907,
	number=11,
	pmid=25134970,
	publisher={American Chemical Society},
	title={Phenotyping polyclonal kappa and lambda light chain molecular mass distributions in patient serum using mass spectrometry},
	volume=13,
	author={Barnidge, David R. and Dasari, Surendra and Ramirez-Alvarado, Marina and Fontan, Adrian and Willrich, Maria A.V. and Tschumper, Renee C. and Jelinek, Diane F. and Snyder, Melissa R. and Dispenzieri, Angela and Katzmann, Jerry A. and Murray, David L.},
	pages={5198--5205},
	date={2014-11-07},
	year=2014,
	month=11,
	day=7,
}
@article{Barnidge2014Using,
	journal={Journal of Proteome Research},
	doi={10.1021/PR400985K},
	issn=15353893,
	number=3,
	pmid=24467232,
	title={Using mass spectrometry to monitor monoclonal immunoglobulins in patients with a monoclonal gammopathy},
	volume=13,
	author={Barnidge, David R. and Dasari, Surendra and Botz, Chad M. and Murray, Danelle H. and Snyder, Melissa R. and Katzmann, Jerry A. and Dispenzieri, Angela and Murray, David L.},
	pages={1419--1427},
	date={2014-03-07},
	year=2014,
	month=3,
	day=7,
}
@article{He2019Classification,
	journal={Analytical Chemistry},
	doi={10.1021/ACS.ANALCHEM.8B03294},
	issn=15206882,
	number=5,
	pmid=30801187,
	publisher={American Chemical Society},
	title={Classification of Plasma Cell Disorders by 21 Tesla Fourier Transform Ion Cyclotron Resonance Top-Down and Middle-Down MS/MS Analysis of Monoclonal Immunoglobulin Light Chains in Human Serum},
	volume=91,
	author={He, Lidong and Anderson, Lissa C. and Barnidge, David R. and Murray, David L. and Dasari, Surendra and Dispenzieri, Angela and Hendrickson, Christopher L. and Marshall, Alan G.},
	pages={3263--3269},
	date={2019-03-05},
	year=2019,
	month=3,
	day=5,
}
@article{He2017Analysis,
	journal={Journal of the American Society for Mass Spectrometry},
	doi={10.1007/S13361-017-1602-6},
	issn=18791123,
	number=5,
	pmid=28247297,
	publisher={Springer New York LLC},
	title={Analysis of Monoclonal Antibodies in Human Serum as a Model for Clinical Monoclonal Gammopathy by Use of 21 Tesla FT-ICR Top-Down and Middle-Down MS/MS},
	volume=28,
	author={He, Lidong and Anderson, Lissa C. and Barnidge, David R. and Murray, David L. and Hendrickson, Christopher L. and Marshall, Alan G.},
	pages={827--838},
	date={2017-05-01},
	year=2017,
	month=5,
	day=1,
}
@article{Mills2015Detecting,
	journal={Methods},
	doi={10.1016/j.ymeth.2015.04.020},
	issn=10959130,
	pmid=25916620,
	publisher={Academic Press Inc.},
	title={Detecting monoclonal immunoglobulins in human serum using mass spectrometry},
	volume=81,
	author={Mills, John R. and Barnidge, David R. and Murray, David L.},
	pages={56--65},
	date={2015-06-15},
	year=2015,
	month=6,
	day=15,
}
@article{Sharpley2019novel,
	journal={Blood Cancer Journal},
	doi={10.1038/S41408-019-0180-1},
	issn=20445385,
	number=2,
	pmid=30718462,
	publisher={Nature Publishing Group},
	title={A novel mass spectrometry method to identify the serum monoclonal light chain component in systemic light chain amyloidosis},
	volume=9,
	author={Sharpley, Faye A. and Manwani, Richa and Mahmood, Shameem and Sachchithanantham, Sajitha and Lachmann, Helen J. and Gillmore, Julian D. and Whelan, Carol J. and Fontana, Marianna and Hawkins, Philip N. and Wechalekar, Ashutosh D.},
	date={2019-02-01},
	year=2019,
	month=2,
	day=1,
}
@article{Wang2019Top-down,
	journal={Scientific Reports},
	doi={10.1038/S41598-018-38380-Y},
	issn=20452322,
	number=1,
	pmid=30787393,
	publisher={Nature Publishing Group},
	title={Top-down Mass Spectrometry Analysis of Human Serum Autoantibody Antigen-Binding Fragments},
	volume=9,
	author={Wang, Zhe and Liu, Xiaowen and Muther, Jennifer and James, Judith A. and Smith, Kenneth and Wu, Si},
	date={2019-12-01},
	year=2019,
	month=12,
	day=1,
}
@article{Spoerry2016Novel,
	journal={PLoS ONE},
	doi={10.1371/JOURNAL.PONE.0164809},
	issn=19326203,
	number=10,
	pmid=27749921,
	publisher={Public Library of Science},
	title={Novel IgG-degrading enzymes of the IgdE protease family link substrate specificity to host tropism of streptococcus species},
	volume=11,
	author={Spoerry, Christian and Hessle, Pontus and Lewis, Melanie J. and Paton, Lois and Woof, Jenny M. and Von Pawel-Rammingen, Ulrich},
	date={2016-10-01},
	year=2016,
	month=10,
	day=1,
}
@article{Lefranc1999IMGT,,
	journal={Nucleic Acids Research},
	doi={10.1093/NAR/27.1.209},
	issn=03051048,
	number=1,
	pmid=9847182,
	title={IMGT, the international ImMunoGeneTics database},
	volume=27,
	author={Lefranc, Marie Paule and Giudicelli, Véronique and Ginestoux, Chantal and Bodmer, Julia and Müller, Werner and Bontrop, Ronald and Lemaitre, Marc and Malik, Ansar and Barbié, Valérie and Chaume, Denys},
	pages={209--212},
	date={1999-01-01},
	year=1999,
	month=1,
	day=1,
}
@article{Bondt2016Fab,
	journal={Arthritis Research and Therapy},
	doi={10.1186/S13075-016-1172-1},
	issn=14786362,
	number=1,
	pmid=27887659,
	publisher={BioMed Central Ltd.},
	title={Fab glycosylation of immunoglobulin G does not associate with improvement of rheumatoid arthritis during pregnancy},
	volume=18,
	author={Bondt, Albert and Wuhrer, Manfred and Kuijper, T. Martijn and Hazes, Johanna M.W. and Dolhain, Radboud J.E.M.},
	date={2016-11-25},
	year=2016,
	month=11,
	day=25,
}
@article{Hafkenscheid2017Structural,
	journal={Molecular and Cellular Proteomics},
	doi={10.1074/mcp.M116.062919},
	issn=15359484,
	number=2,
	pmid=27956708,
	publisher={American Society for Biochemistry and Molecular Biology Inc.},
	title={Structural analysis of variable domain glycosylation of anti-citrullinated protein antibodies in rheumatoid arthritis reveals the presence of highly sialylated glycans},
	volume=16,
	author={Hafkenscheid, Lise and Bondt, Albert and Scherer, Hans U. and Huizinga, Tom W.J. and Wuhrer, Manfred and Toes, René E.M. and Rombouts, Yoann},
	pages={278--287},
	date={2017-02-01},
	year=2017,
	month=2,
	day=1,
}
@article{Guthals2017De,
	journal={Journal of Proteome Research},
	doi={10.1021/ACS.JPROTEOME.6B00608},
	issn=15353907,
	number=1,
	pmid=27779884,
	publisher={American Chemical Society},
	title={De Novo MS/MS Sequencing of Native Human Antibodies},
	volume=16,
	author={Guthals, Adrian and Gan, Yutian and Murray, Laura and Chen, Yongmei and Stinson, Jeremy and Nakamura, Gerald and Lill, Jennie R. and Sandoval, Wendy and Bandeira, Nuno},
	pages={45--54},
	date={2017-01-06},
	year=2017,
	month=1,
	day=6,
}
@article{Sen2017Automated,
	journal={Journal of the American Society for Mass Spectrometry},
	doi={10.1007/S13361-016-1580-0},
	issn=18791123,
	number=5,
	pmid=28105549,
	publisher={Springer New York LLC},
	title={Automated Antibody De Novo Sequencing and Its Utility in Biopharmaceutical Discovery},
	volume=28,
	author={Sen, K. Ilker and Tang, Wilfred H. and Nayak, Shruti and Kil, Yong J. and Bern, Marshall and Ozoglu, Berk and Ueberheide, Beatrix and Davis, Darryl and Becker, Christopher},
	pages={803--810},
	date={2017-05-01},
	year=2017,
	month=5,
	day=1,
}
@article{Tran2016Complete,
	journal={Scientific Reports},
	doi={10.1038/SREP31730},
	issn=20452322,
	pmid=27562653,
	publisher={Nature Publishing Group},
	title={Complete de Novo Assembly of Monoclonal Antibody Sequences},
	volume=6,
	author={Tran, Ngoc Hieu and Rahman, M. Ziaur and He, Lin and Xin, Lei and Shan, Baozhen and Li, Ming},
	date={2016-08-26},
	year=2016,
	month=8,
	day=26,
}
@article{Boer2020Selectivity,
	journal={Chemical Science},
	doi={10.1039/D0SC03438J},
	issn=20416539,
	number=43,
	publisher={Royal Society of Chemistry},
	title={Selectivity over coverage in: De novo sequencing of IgGs},
	volume=11,
	author={Den Boer, Maurits A. and Greisch, Jean Francois and Tamara, Sem and Bondt, Albert and Heck, Albert J.R.},
	pages={11886--11896},
	date={2020-11-21},
	year=2020,
	month=11,
	day=21,
}
@article{Fornelli2017Top-down,
	journal={Journal of Proteomics},
	doi={10.1016/j.jprot.2017.02.013},
	issn=18767737,
	pmid=28242452,
	publisher={Elsevier B.V.},
	title={Top-down analysis of immunoglobulin G isotypes 1 and 2 with electron transfer dissociation on a high-field Orbitrap mass spectrometer},
	volume=159,
	author={Fornelli, Luca and Ayoub, Daniel and Aizikov, Konstantin and Liu, Xiaowen and Damoc, Eugen and Pevzner, Pavel A. and Makarov, Alexander and Beck, Alain and Tsybin, Yury O.},
	pages={67--76},
	date={2017-04-21},
	year=2017,
	month=4,
	day=21,
}
@article{Shaw2020Direct,
	journal={Analytical Chemistry},
	doi={10.1021/ACS.ANALCHEM.9B03129},
	issn=15206882,
	number=1,
	pmid=31769659,
	publisher={American Chemical Society},
	title={Direct determination of antibody chain pairing by top-down and middle-down mass spectrometry using electron capture dissociation and ultraviolet photodissociation},
	volume=92,
	author={Shaw, Jared B. and Liu, Weijing and Vasil′ev, V. Yury and Bracken, Carter C. and Malhan, Neha and Guthals, Adrian and Beckman, Joseph S. and Voinov, Valery G.},
	pages={766--773},
	date={2020-01-07},
	year=2020,
	month=1,
	day=7,
}
@article{Peng2021Mass,
	journal={Journal of Proteome Research},
	doi={10.1021/ACS.JPROTEOME.1C00169},
	issn=15353907,
	number=7,
	pmid=34121409,
	publisher={American Chemical Society},
	title={Mass Spectrometry-BasedDe NovoSequencing of Monoclonal Antibodies Using Multiple Proteases and a Dual Fragmentation Scheme},
	volume=20,
	author={Peng, Weiwei and Pronker, Matti F. and Snijder, Joost},
	pages={3559--3566},
	date={2021-07-02},
	year=2021,
	month=7,
	day=2,
}
@article{Kitaura2017Different,
	journal={Frontiers in Immunology},
	doi={10.3389/FIMMU.2017.00389},
	issn=16643224,
	number={MAY},
	publisher={Frontiers Media S.A.},
	title={Different somatic hypermutation levels among antibody subclasses disclosed by a new next-generation sequencing-based antibody repertoire analysis},
	volume=8,
	author={Kitaura, Kazutaka and Yamashita, Hiroshi and Ayabe, Hitomi and Shini, Tadasu and Matsutani, Takaji and Suzuki, Ryuji},
	date={2017-05-03},
	year=2017,
	month=5,
	day=3,
}
@article{Williams2017Potent,
	journal={Science Immunology},
	doi={10.1126/SCIIMMUNOL.AAL2200},
	issn=24709468,
	number=7,
	pmid=28783671,
	publisher={American Association for the Advancement of Science},
	title={Potent and broad HIV-neutralizing antibodies in memory B cells and plasma},
	volume=2,
	author={Williams, La Tonya D. and Ofek, Gilad and Schätzle, Sebastian and McDaniel, Jonathan R. and Lu, Xiaozhi and Nicely, Nathan I. and Wu, Liming and Lougheed, Caleb S. and Bradley, Todd and Louder, Mark K. and McKee, Krisha and Bailer, Robert T. and O’Dell, Sijy and Georgiev, Ivelin S. and Seaman, Michael S. and Parks, Robert J. and Marshall, Dawn J. and Anasti, Kara and Yang, Guang and Nie, Xiaoyan and Tumba, Nancy L. and Wiehe, Kevin and Wagh, Kshitij and Korber, Bette and Kepler, Thomas B. and Munir Alam, S. and Morris, Lynn and Kamanga, Gift and Cohen, Myron S. and Bonsignori, Mattia and Xia, Shi Mao and Montefiori, David C. and Kelsoe, Garnett and Gao, Feng and Mascola, John R. and Anthony Moody, M. and Saunders, Kevin O. and Liao, Hua Xin and Tomaras, Georgia D. and Georgiou, George and Haynes, Barton F.},
	date=2017,
	year=2017,
}
@article{Morell1970Metabolic,
	journal={The Journal of clinical investigation},
	doi={10.1172/JCI106279},
	issn=00219738,
	number=4,
	pmid=5443170,
	title={Metabolic properties of IgG subclasses in man.},
	volume=49,
	author={Morell, A. and Terry, W. D. and Waldmann, T. A.},
	pages={673--680},
	date=1970,
	year=1970,
}
@article{Melamed2018Pharmacokinetics,
	journal={European Journal of Pharmaceutical Sciences},
	doi={10.1016/j.ejps.2018.03.007},
	issn=18790720,
	pmid=29522908,
	publisher={Elsevier B.V.},
	title={Pharmacokinetics of a novel human intravenous immunoglobulin 10% in patients with primary immunodeficiency diseases: Analysis of a phase III, multicentre, prospective, open-label study},
	volume=118,
	author={Melamed, Isaac R. and Borte, Michael and Trawnicek, Laurenz and Kobayashi, Ai Lan and Kobayashi, Roger H. and Knutsen, Alan and Gupta, Sudhir and Smits, William and Pituch-Noworolska, Anna and Strach, Magdalena and Pulka, Grazyna and Ochs, Hans D. and Moy, James N.},
	pages={80--86},
	date={2018-06-15},
	year=2018,
	month=6,
	day=15,
}
@article{Bernasconi2002Maintenance,
	journal={Science},
	doi={10.1126/SCIENCE.1076071},
	issn=00368075,
	number=5601,
	pmid=12481138,
	title={Maintenance of serological memory by polyclonal activation of human memory B cells},
	volume=298,
	author={Bernasconi, Nadia L. and Traggiai, Elisabetta and Lanzavecchia, Antonio},
	pages={2199--2202},
	date={2002-12-13},
	year=2002,
	month=12,
	day=13,
}
@article{Manz1997Lifetime,
	journal={Nature},
	doi={10.1038/40540},
	issn=00280836,
	number=6638,
	pmid=9217150,
	title={Lifetime of plasma cells in the bone marrow [3]},
	volume=388,
	author={Manz, Rudolf A. and Thiel, Andreas and Radbruch, Andreas},
	pages={133--134},
	date=1997,
	year=1997,
}
@article{Slifka1998Humoral,
	journal={Immunity},
	doi={10.1016/S1074-7613(00)80541-5},
	issn=10747613,
	number=3,
	pmid=9529153,
	publisher={Cell Press},
	title={Humoral immunity due to long-lived plasma cells},
	volume=8,
	author={Slifka, Mark K. and Antia, Rustom and Whitmire, Jason K. and Ahmed, Rafi},
	pages={363--372},
	date=1998,
	year=1998,
}
@article{Tebani2020Integration,
	journal={Nature Communications},
	doi={10.1038/S41467-020-18148-7},
	issn=20411723,
	number=1,
	pmid=32900998,
	publisher={Nature Research},
	title={Integration of molecular profiles in a longitudinal wellness profiling cohort},
	volume=11,
	author={Tebani, Abdellah and Gummesson, Anders and Zhong, Wen and Koistinen, Ina Schuppe and Lakshmikanth, Tadepally and Olsson, Lisa M. and Boulund, Fredrik and Neiman, Maja and Stenlund, Hans and Hellström, Cecilia and Karlsson, Max J. and Arif, Muhammad and Dodig-Crnković, Tea and Mardinoglu, Adil and Lee, Sunjae and Zhang, Cheng and Chen, Yang and Olin, Axel and Mikes, Jaromir and Danielsson, Hanna and von Feilitzen, Kalle and Jansson, Per Anders and Angerås, Oskar and Huss, Mikael and Kjellqvist, Sanela and Odeberg, Jacob and Edfors, Fredrik and Tremaroli, Valentina and Forsström, Björn and Schwenk, Jochen M. and Nilsson, Peter and Moritz, Thomas and Bäckhed, Fredrik and Engstrand, Lars and Brodin, Petter and Bergström, Göran and Uhlen, Mathias and Fagerberg, Linn},
	date={2020-12-01},
	year=2020,
	month=12,
	day=1,
}
@article{Klouwenberg2013Interobserver,
	journal={Critical Care Medicine},
	doi={10.1097/CCM.0B013E3182923712},
	issn=00903493,
	number=10,
	pmid=23921277,
	title={Interobserver agreement of centers for disease control and prevention criteria for classifying infections in critically ill patients},
	volume=41,
	author={Klouwenberg, Peter M.C.Klein and Ong, David S.Y. and Bos, Lieuwe D.J. and De Beer, Friso M. and Van Hooijdonk, Roosmarijn T.M. and Huson, Mischa A. and Straat, Marleen and Van Vught, Lonneke A. and Wieske, Luuk and Horn, Janneke and Schultz, Marcus J. and Van Der Poll, Tom and Bonten, Marc J.M. and Cremer, Olaf L.},
	pages={2373--2378},
	date={2013-10},
	year=2013,
	month=10,
}
@article{Singer2016third,
	journal={JAMA - Journal of the American Medical Association},
	doi={10.1001/JAMA.2016.0287},
	issn=15383598,
	number=8,
	pmid=26903338,
	publisher={American Medical Association},
	title={The third international consensus definitions for sepsis and septic shock (sepsis-3)},
	volume=315,
	author={Singer, Mervyn and Deutschman, Clifford S. and Seymour, Christopherwarren and Shankar-Hari, Manu and Annane, Djillali and Bauer, Michael and Bellomo, Rinaldo and Bernard, Gordon R. and Chiche, Jean Daniel and Coopersmith, Craig M. and Hotchkiss, Richard S. and Levy, Mitchell M. and Marshall, John C. and Martin, Greg S. and Opal, Steven M. and Rubenfeld, Gordon D. and Poll, Der Tomvan and Vincent, Jean Louis and Angus, Derek C.},
	pages={801--810},
	date={2016-02-23},
	year=2016,
	month=2,
	day=23,
}
@article{Bondt2014Immunoglobulin,
	journal={Molecular and Cellular Proteomics},
	doi={10.1074/mcp.M114.039537},
	issn=15359484,
	number=11,
	pmid=25004930,
	publisher={American Society for Biochemistry and Molecular Biology Inc.},
	title={Immunoglobulin G (IgG) fab glycosylation analysis using a new mass spectrometric high-throughput profiling method reveals pregnancy-associated changes},
	volume=13,
	author={Bondt, Albert and Rombouts, Yoann and Selman, Maurice H.J. and Hensbergen, Paul J. and Reiding, Karli R. and Hazes, Johanna M.W. and Dolhain, Radboud J.E.M. and Wuhrer, Manfred},
	pages={3029--3039},
	date={2014-11-01},
	year=2014,
	month=11,
	day=1,
}
@article{Amez Martín2021Serum,
	journal={Journal of Proteome Research},
	doi={10.1021/ACS.JPROTEOME.1C00148},
	issn=15353907,
	number=5,
	pmid=33909442,
	publisher={American Chemical Society},
	title={Serum and Plasma Immunoglobulin G Fc N-Glycosylation Is Stable during Storage},
	volume=20,
	author={Amez Martín, Manuela and Wuhrer, Manfred and Falck, David},
	pages={2935--2941},
	date={2021-05-07},
	year=2021,
	month=5,
	day=7,
}
@article{Waterbeemd2018Dissecting,
	journal={Nature Communications},
	doi={10.1038/S41467-018-04853-X},
	issn=20411723,
	number=1,
	pmid=29950687,
	publisher={Nature Publishing Group},
	title={Dissecting ribosomal particles throughout the kingdoms of life using advanced hybrid mass spectrometry methods},
	volume=9,
	author={Van De Waterbeemd, Michiel and Tamara, Sem and Fort, Kyle L. and Damoc, Eugen and Franc, Vojtech and Bieri, Philipp and Itten, Martin and Makarov, Alexander and Ban, Nenad and Heck, Albert J.R.},
	date={2018-12-01},
	year=2018,
	month=12,
	day=1,
}
@article{McKinney2010Data,
	journal={Proceedings of the 9th Python in Science Conference},
	doi={10.25080/MAJORA-92BF1922-00A},
	publisher={SciPy},
	title={Data Structures for Statistical Computing in Python},
	author={McKinney, Wes},
	pages={56--61},
	date=2010,
	year=2010,
}
@article{Walt2011NumPy,
	journal={Computing in Science and Engineering},
	doi={10.1109/MCSE.2011.37},
	issn=15219615,
	number=2,
	title={The NumPy array: A structure for efficient numerical computation},
	volume=13,
	author={Van Der Walt, Stéfan and Colbert, S. Chris and Varoquaux, Gaël},
	pages={22--30},
	date={2011-03},
	year=2011,
	month=3,
}
@article{Virtanen2020SciPy,
	journal={Nature Methods},
	doi={10.1038/S41592-019-0686-2},
	issn=15487105,
	number=3,
	pmid=32015543,
	publisher={Nature Research},
	title={SciPy 1.0: fundamental algorithms for scientific computing in Python},
	volume=17,
	author={Virtanen, Pauli and Gommers, Ralf and Oliphant, Travis E. and Haberland, Matt and Reddy, Tyler and Cournapeau, David and Burovski, Evgeni and Peterson, Pearu and Weckesser, Warren and Bright, Jonathan and van der Walt, Stéfan J. and Brett, Matthew and Wilson, Joshua and Millman, K. Jarrod and Mayorov, Nikolay and Nelson, Andrew R.J. and Jones, Eric and Kern, Robert and Larson, Eric and Carey, C. J. and Polat, İlhan and Feng, Yu and Moore, Eric W. and VanderPlas, Jake and Laxalde, Denis and Perktold, Josef and Cimrman, Robert and Henriksen, Ian and Quintero, E. A. and Harris, Charles R. and Archibald, Anne M. and Ribeiro, Antônio H. and Pedregosa, Fabian and van Mulbregt, Paul and Vijaykumar, Aditya and Bardelli, Pietro Alessandro and Rothberg, Alex and Hilboll, Andreas and Kloeckner, Andreas and Scopatz, Anthony and Lee, Antony and Rokem, Ariel and Woods, C. Nathan and Fulton, Chad and Masson, Charles and Häggström, Christian and Fitzgerald, Clark and Nicholson, David A. and Hagen, David R. and Pasechnik, V. Dmitrii and Olivetti, Emanuele and Martin, Eric and Wieser, Eric and Silva, Fabrice and Lenders, Felix and Wilhelm, Florian and Young, G. and Price, Gavin A. and Ingold, Gert Ludwig and Allen, Gregory E. and Lee, Gregory R. and Audren, Hervé and Probst, Irvin and Dietrich, Jörg P. and Silterra, Jacob and Webber, James T. and Slavič, Janko and Nothman, Joel and Buchner, Johannes and Kulick, Johannes and Schönberger, Johannes L. and de Miranda Cardoso, José Vinícius and Reimer, Joscha and Harrington, Joseph and Rodríguez, Juan Luis Cano and Nunez-Iglesias, Juan and Kuczynski, Justin and Tritz, Kevin and Thoma, Martin and Newville, Matthew and Kümmerer, Matthias and Bolingbroke, Maximilian and Tartre, Michael and Pak, Mikhail and Smith, Nathaniel J. and Nowaczyk, Nikolai and Shebanov, Nikolay and Pavlyk, Oleksandr and Brodtkorb, Per A. and Lee, Perry and McGibbon, Robert T. and Feldbauer, Roman and Lewis, Sam and Tygier, Sam and Sievert, Scott and Vigna, Sebastiano and Peterson, Stefan and More, Surhud and Pudlik, Tadeusz and Oshima, Takuya and Pingel, Thomas J. and Robitaille, Thomas P. and Spura, Thomas and Jones, Thouis R. and Cera, Tim and Leslie, Tim and Zito, Tiziano and Krauss, Tom and Upadhyay, Utkarsh and Halchenko, Yaroslav O. and Vázquez-Baeza, Yoshiki},
	pages={261--272},
	date={2020-03-01},
	year=2020,
	month=3,
	day=1,
}
@article{Hunter2007Matplotlib:,
	journal={Computing in Science and Engineering},
	doi={10.1109/MCSE.2007.55},
	issn=15219615,
	number=3,
	publisher={IEEE Computer Society},
	title={Matplotlib: A 2D graphics environment},
	volume=9,
	author={Hunter, John D.},
	pages={90--95},
	date=2007,
	year=2007,
}
@article{Zabrouskov2005New,
	journal={Journal of the American Society for Mass Spectrometry},
	doi={10.1016/j.jasms.2005.08.004},
	issn=10440305,
	number=12,
	pmid=16253516,
	title={New and automated MSn approaches for top-down identification of modified proteins},
	volume=16,
	author={Zabrouskov, Vlad and Senko, Michael W. and Du, Yi and Leduc, Richard D. and Kelleher, Neil L.},
	pages={2027--2038},
	date={2005-12},
	year=2005,
	month=12,
}
@article{Smith1981Identification,
	journal={Journal of Molecular Biology},
	doi={10.1016/0022-2836(81)90087-5},
	issn=00222836,
	number=1,
	pmid=7265238,
	title={Identification of common molecular subsequences},
	volume=147,
	author={Smith, T. F. and Waterman, M. S.},
	pages={195--197},
	date={1981-03-25},
	year=1981,
	month=3,
	day=25,
}
@article{Tabb2008DirecTag:,
	journal={Journal of Proteome Research},
	doi={10.1021/PR800154P},
	issn=15353893,
	number=9,
	pmid=18630943,
	title={DirecTag: Accurate sequence tags from peptide MS/MS through statistical scoring},
	volume=7,
	author={Tabb, David L. and Ze-Qiang, Ma and Martin, Daniel B. and Ham, Amy Joan L. and Chambers, Matthew C.},
	pages={3838--3846},
	date={2008-09},
	year=2008,
	month=9,
}
@article{Swindells2017abYsis:,
	journal={Journal of Molecular Biology},
	doi={10.1016/j.jmb.2016.08.019},
	issn=10898638,
	number=3,
	pmid=27561707,
	publisher={Academic Press},
	title={abYsis: Integrated Antibody Sequence and Structure—Management, Analysis, and Prediction},
	volume=429,
	author={Swindells, Mark B. and Porter, Craig T. and Couch, Matthew and Hurst, Jacob and Abhinandan, K. R. and Nielsen, Jens H. and Macindoe, Gary and Hetherington, James and Martin, Andrew C.R.},
	pages={356--364},
	date={2017-02-03},
	year=2017,
	month=2,
	day=3,
}

