@article{Schroeder2010Structure,
	journal={Journal of Allergy and Clinical Immunology},
	doi={10.1016/j.jaci.2009.09.046},
	issn=00916749,
	number=2,
	pmid=20176268,
	publisher={NIH Public Access},
	title={Structure and function of immunoglobulins},
	volume=125,
	author={Schroeder, Harry W. and Cavacini, Lisa},
	pages={S41--S52},
	date={2010-02},
	year=2010,
	month=2,
}
@article{Kaplon2021Antibodies,
	journal={mAbs},
	doi={10.1080/19420862.2020.1860476},
	issn=19420870,
	number=1,
	pmid=33459118,
	publisher={MAbs},
	title={Antibodies to watch in 2021},
	volume=13,
	author={Kaplon, Hélène and Reichert, Janice M.},
	date=2021,
	year=2021,
}
@article{Marks2020How,
	journal={The Journal of biological chemistry},
	doi={10.1074/jbc.rev120.010181},
	issn={1083-351X},
	number=29,
	pmid=32409582,
	title={How repertoire data are changing antibody science.},
	volume=295,
	author={Marks, Claire and Deane, Charlotte M},
	pages={9823--9837},
	date={2020-07-17},
	year=2020,
	month=7,
	day=17,
}
@article{Raybould2020Thera-SAbDab:,
	journal={Nucleic acids research},
	doi={10.1093/nar/gkz827},
	issn={1362-4962},
	number={D1},
	pmid=31555805,
	publisher={Oxford Academic},
	title={Thera-SAbDab: the Therapeutic Structural Antibody Database.},
	volume=48,
	author={Raybould, Matthew I J and Marks, Claire and Lewis, Alan P and Shi, Jiye and Bujotzek, Alexander and Taddese, Bruck and Deane, Charlotte M},
	pages={D383--D388},
	date={2020-01-08},
	year=2020,
	month=1,
	day=8,
}
@article{Bornholdt2016Isolation,
	journal={Science},
	doi={10.1126/science.aad5788},
	issn={1095-9203},
	number=6277,
	pmid=26912366,
	publisher={American Association for the Advancement of Science},
	title={Isolation of potent neutralizing antibodies from a survivor of the 2014 Ebola virus outbreak.},
	volume=351,
	author={Bornholdt, Zachary A. and Turner, Hannah L. and Murin, Charles D. and Li, Wen and Sok, Devin and Souders, Colby A. and Piper, Ashley E. and Goff, Arthur and Shamblin, Joshua D. and Wollen, Suzanne E. and Sprague, Thomas R. and Fusco, Marnie L. and Pommert, Kathleen B. J. and Cavacini, Lisa A. and Smith, Heidi L. and Klempner, Mark and Reimann, Keith A. and Krauland, Eric and Gerngross, Tillman U. and Wittrup, Karl D. and Saphire, Erica Ollmann and Burton, Dennis R. and Glass, Pamela J. and Ward, Andrew B. and Walker, Laura M.},
	pages={1078--1083},
	date={2016-03-04},
	year=2016,
	month=3,
	day=4,
}
@article{Corti2016Protective,
	journal={Science (New York, N.Y.)},
	doi={10.1126/science.aad5224},
	isbn={0036-8075},
	issn={1095-9203},
	number=6279,
	pmid=26917593,
	title={Protective monotherapy against lethal Ebola virus infection by a potently neutralizing antibody.},
	volume=351,
	author={Corti, Davide and Misasi, John and Mulangu, Sabue and Stanley, Daphne A and Kanekiyo, Masaru and Wollen, Suzanne and Ploquin, Aurélie and Doria-Rose, Nicole A and Staupe, Ryan P and Bailey, Michael and Shi, Wei and Choe, Misook and Marcus, Hadar and Thompson, Emily A and Cagigi, Alberto and Silacci, Chiara and Fernandez-Rodriguez, Blanca and Perez, Laurent and Sallusto, Federica and Vanzetta, Fabrizia and Agatic, Gloria and Cameroni, Elisabetta and Kisalu, Neville and Gordon, Ingelise and Ledgerwood, Julie E and Mascola, John R and Graham, Barney S and Muyembe-Tamfun, Jean-Jacques and Trefry, John C and Lanzavecchia, Antonio and Sullivan, Nancy J},
	pages={1339--1342},
	date={2016-03-18},
	year=2016,
	month=3,
	day=18,
}
@article{Valgardsdottir2021Identification,
	journal={Antibodies},
	doi={10.3390/antib10030026},
	issn={2073-4468},
	number=3,
	pmid=34287229,
	publisher={Multidisciplinary Digital Publishing Institute},
	title={Identification of Human SARS-CoV-2 Monoclonal Antibodies from Convalescent Patients Using EBV Immortalization},
	volume=10,
	author={Valgardsdottir, Rut and Cattaneo, Irene and Napolitano, Gavino and Raglio, Annibale and Spinelli, Orietta and Salmoiraghi, Silvia and Castilletti, Concetta and Lapa, Daniele and Capobianchi, Maria Rosaria and Farina, Claudio and Golay, Josee},
	pages=26,
	date={2021-07-05},
	year=2021,
	month=7,
	day=5,
}
@article{Schroeder Jr.2006Similarity,
	journal={Dev Comp Immunol},
	edition={2005/08/09},
	doi={10.1016/j.dci.2005.06.006},
	isbn={0145-305X (Print) 0145-305X (Linking)},
	number={1-2},
	note={Schroeder, Harry W Jr
eng
Comparative Study
Review
Dev Comp Immunol. 2006;30(1-2):119-35. doi: 10.1016/j.dci.2005.06.006.},
	pmid=16083957,
	title={Similarity and divergence in the development and expression of the mouse and human antibody repertoires},
	volume=30,
	author={Schroeder Jr., H W},
	pages={119--135},
	date=2006,
	year=2006,
}
@article{Briney2019Commonality,
	journal={Nature},
	doi={10.1038/s41586-019-0879-y},
	issn={1476-4687},
	number=7744,
	pmid=30664748,
	publisher={Nature Publishing Group},
	title={Commonality despite exceptional diversity in the baseline human antibody repertoire.},
	volume=566,
	author={Briney, Bryan and Inderbitzin, Anne and Joyce, Collin and Burton, Dennis R.},
	pages={393--397},
	date={2019-02-21},
	year=2019,
	month=2,
	day=21,
}
@incollection{Hom2022Exploring,
	booktitle={Methods in Molecular Biology: Immune Receptors},
	doi={10.1007/978-1-0716-1944-5_16},
	issn={1940-6029},
	pmid=34870823,
	publisher={Humana},
	address={Clifton (NJ)},
	title={Exploring the Diversity of the B-Cell Receptor Repertoire Through High-Throughput Sequencing},
	volume=2421,
	author={Hom, Jennifer R. and Tomar, Deepak and Tipton, Christopher M.},
	editor={Rast, Jonathan and Buckley, Katherine},
	pages={231--241},
	date=2022,
	year=2022,
}
@article{Altelaar2013Next-generation,
	journal={Nature Reviews Genetics},
	doi={10.1038/nrg3356},
	issn={1471-0056},
	number=1,
	pmid=23207911,
	publisher={Nat Rev Genet},
	title={Next-generation proteomics: towards an integrative view of proteome dynamics},
	volume=14,
	author={Altelaar, A. F. Maarten and Munoz, Javier and Heck, Albert J. R.},
	pages={35--48},
	date={2013-01-04},
	year=2013,
	month=1,
	day=4,
}
@article{Aebersold2016Mass-spectrometric,
	journal={Nature},
	doi={10.1038/nature19949},
	issn={0028-0836},
	number=7620,
	pmid=27629641,
	publisher={Nature},
	title={Mass-spectrometric exploration of proteome structure and function},
	volume=537,
	author={Aebersold, Ruedi and Mann, Matthias},
	pages={347--355},
	date={2016-09-14},
	year=2016,
	month=9,
	day=14,
}
@article{Sen2017Automated,
	journal={Journal of the American Society for Mass Spectrometry},
	doi={10.1007/s13361-016-1580-0},
	issn={1879-1123},
	number=5,
	pmid=28105549,
	publisher={Springer New York LLC},
	title={Automated Antibody De Novo Sequencing and Its Utility in Biopharmaceutical Discovery.},
	volume=28,
	author={Sen, K. Ilker and Tang, Wilfred H and Nayak, Shruti and Kil, Yong J and Bern, Marshall and Ozoglu, Berk and Ueberheide, Beatrix and Davis, Darryl and Becker, Christopher},
	pages={803--810},
	date={2017-05-19},
	year=2017,
	month=5,
	day=19,
}
@article{Peng2021Mass,
	journal={Journal of Proteome Research},
	doi={10.1021/acs.jproteome.1c00169},
	issn={1535-3893},
	number=7,
	pmid=34121409,
	title={Mass Spectrometry-Based De Novo Sequencing of Monoclonal Antibodies Using Multiple Proteases and a Dual Fragmentation Scheme},
	volume=20,
	author={Peng, Weiwei and Pronker, Matti F. and Snijder, Joost},
	pages={3559--3566},
	date={2021-07-02},
	year=2021,
	month=7,
	day=2,
}
@article{Srzentić2020Interlaboratory,
	journal={Journal of the American Society for Mass Spectrometry},
	doi={10.1021/jasms.0c00036},
	issn={1044-0305},
	number=9,
	pmid=32812765,
	title={Interlaboratory Study for Characterizing Monoclonal Antibodies by Top-Down and Middle-Down Mass Spectrometry},
	volume=31,
	author={Srzentić, Kristina and Fornelli, Luca and Tsybin, Yury O. and Loo, Joseph A. and Seckler, Henrique and Agar, Jeffrey N. and Anderson, Lissa C. and Bai, Dina L. and Beck, Alain and Brodbelt, Jennifer S. and van der Burgt, Yuri E. M. and Chamot-Rooke, Julia and Chatterjee, Sneha and Chen, Yunqiu and Clarke, David J. and Danis, Paul O. and Diedrich, Jolene K. and D’Ippolito, Robert A. and Dupré, Mathieu and Gasilova, Natalia and Ge, Ying and Goo, Young Ah and Goodlett, David R. and Greer, Sylvester and Haselmann, Kim F. and He, Lidong and Hendrickson, Christopher L. and Hinkle, Joshua D. and Holt, V. Matthew and Hughes, Sam and Hunt, Donald F. and Kelleher, Neil L. and Kozhinov, Anton N. and Lin, Ziqing and Malosse, Christian and Marshall, Alan G. and Menin, Laure and Millikin, Robert J. and Nagornov, Konstantin O. and Nicolardi, Simone and Paša-Tolić, Ljiljana and Pengelley, Stuart and Quebbemann, Neil R. and Resemann, Anja and Sandoval, Wendy and Sarin, Richa and Schmitt, Nicholas D. and Shabanowitz, Jeffrey and Shaw, Jared B. and Shortreed, Michael R. and Smith, Lloyd M. and Sobott, Frank and Suckau, Detlev and Toby, Timothy and Weisbrod, Chad R. and Wildburger, Norelle C. and Yates, John R. and Yoon, Sung Hwan and Young, Nicolas L. and Zhou, Mowei},
	pages={1783--1802},
	date={2020-09-02},
	year=2020,
	month=9,
	day=2,
}
@article{Aebersold2003Mass,
	journal={Nature},
	doi={10.1038/nature01511},
	issn={0028-0836},
	number=6928,
	pmid=12634793,
	publisher={Nature Publishing Group},
	title={Mass spectrometry-based proteomics},
	volume=422,
	author={Aebersold, Ruedi and Mann, Matthias},
	pages={198--207},
	date={2003-03-13},
	year=2003,
	month=3,
	day=13,
}
@article{Tran2016Complete,
	journal={Scientific Reports},
	doi={10.1038/srep31730},
	isbn={2045-2322 (Electronic)${\textbackslash}$r2045-2322 (Linking)},
	issn=20452322,
	number=31730,
	pmid=27562653,
	title={Complete de Novo Assembly of Monoclonal Antibody Sequences},
	volume=6,
	author={Tran, Ngoc Hieu and Rahman, M Ziaur and He, Lin and Xin, Lei and Shan, Baozhen and Li, Ming},
	pages={1--10},
	date=2016,
	year=2016,
}
@article{Guthals2012Shotgun,
	journal={Molecular & Cellular Proteomics},
	doi={10.1074/mcp.M111.015768},
	issn=15359476,
	number=10,
	note={Times cited: 1},
	pmid=22798278,
	publisher={American Society for Biochemistry and Molecular Biology},
	title={Shotgun Protein Sequencing with Meta-contig Assembly},
	volume=11,
	author={Guthals, Adrian and Clauser, Karl R and Bandeira, Nuno},
	pages={1084--1096},
	date={2012-10},
	year=2012,
	month=10,
}
@incollection{Charles A Janeway2001generation,
	booktitle={Immunobiology: The Immune System in Health and Disease},
	edition=5,
	isbn={0-8153-3642-X},
	publisher={Garland Science},
	address={New York (NY)},
	title={The generation of diversity in immunoglobulins},
	author={Charles A Janeway, Jr and Travers, Paul and Walport, Mark and Shlomchik, Mark J},
	date=2001,
	year=2001,
}
@incollection{Alberts2002Generation,
	booktitle={Molecular Biology of the Cell},
	edition=4,
	isbn={0-8153-3218-1},
	publisher={Garland Science},
	address={New York (NY)},
	title={The Generation of Antibody Diversity},
	author={Alberts, Bruce and Johnson, Alexander and Lewis, Julian and Raff, Martin and Roberts, Keith and Walter, Peter},
	date=2002,
	year=2002,
}
@article{Graaf2022perspective,
	journal={mAbs},
	doi={10.1080/19420862.2022.2079449},
	issn=19420870,
	number=1,
	pmid=35699511,
	publisher={Taylor & Francis},
	title={A perspective toward mass spectrometry-based de novo sequencing of endogenous antibodies},
	volume=14,
	author={de Graaf, Sebastiaan C. and Hoek, Max and Tamara, Sem and Heck, Albert J.R.},
	date=2022,
	year=2022,
}
@article{Schulte2022Template-Based,
	journal={Analytical chemistry},
	doi={10.1021/ACS.ANALCHEM.2C01300},
	issn={1520-6882},
	number=29,
	pmid=35834437,
	publisher={Anal Chem},
	title={Template-Based Assembly of Proteomic Short Reads For De Novo Antibody Sequencing and Repertoire Profiling},
	volume=94,
	author={Schulte, Douwe and Peng, Weiwei and Snijder, Joost},
	pages={10391--10399},
	date={2022-07-26},
	year=2022,
	month=7,
	day=26,
}
@article{Castellana2010Template,
	journal={Molecular & Cellular Proteomics},
	doi={10.1074/mcp.M900504-MCP200},
	issn=15359476,
	number=6,
	pmid=20164058,
	title={Template Proteogenomics: Sequencing Whole Proteins Using an Imperfect Database},
	volume=9,
	author={Castellana, Natalie E and Pham, Victoria and Arnott, David and Lill, Jennie R and Bafna, Vineet},
	pages={1260--1270},
	date={2010-06},
	year=2010,
	month=6,
}
@article{Lefranc2003IMGT,,
	journal={Nucleic Acids Research},
	doi={10.1093/nar/gkg085},
	issn=03051048,
	number=1,
	pmid=9847182,
	publisher={Oxford University Press},
	title={IMGT, the international ImMunoGeneTics database®},
	volume=31,
	author={Lefranc, Marie Paule},
	pages={307--310},
	date={2003-01-01},
	year=2003,
	month=1,
	day=1,
}
@article{Lefranc2020Immunoglobulins,
	journal={Biomedicines},
	doi={10.3390/biomedicines8090319},
	issn={2227-9059},
	number=9,
	pmid=32878258,
	publisher={Biomedicines},
	title={Immunoglobulins or Antibodies: IMGT® Bridging Genes, Structures and Functions},
	volume=8,
	author={Lefranc, Marie-Paule and Lefranc, Gérard},
	pages=319,
	date={2020-08-31},
	year=2020,
	month=8,
	day=31,
}
@article{Toby2016Progress,
	journal={Annual Review of Analytical Chemistry},
	doi={10.1146/annurev-anchem-071015-041550},
	isbn=0710150415,
	issn={1936-1327},
	number=1,
	pmid=27306313,
	title={Progress in Top-Down Proteomics and the Analysis of Proteoforms},
	volume=9,
	author={Toby, Timothy K. and Fornelli, Luca and Kelleher, Neil L.},
	pages={499--519},
	date={2016-06-12},
	year=2016,
	month=6,
	day=12,
}
@article{Johansson2008IdeS:,
	journal={PLoS ONE},
	doi={10.1371/journal.pone.0001692},
	issn={1932-6203},
	number=2,
	pmid=18301769,
	publisher={PLoS One},
	title={IdeS: A Bacterial Proteolytic Enzyme with Therapeutic Potential},
	volume=3,
	author={Johansson, Björn P. and Shannon, Oonagh and Björck, Lars},
	editor={Sollid, Ludvig},
	pages={e1692},
	date={2008-02-27},
	year=2008,
	month=2,
	day=27,
}
@article{Bondt2021Human,
	journal={Cell Systems},
	doi={10.1016/j.cels.2021.08.008},
	issn=24054720,
	number=12,
	pmid=34613904,
	publisher={Cell Press},
	title={Human plasma IgG1 repertoires are simple, unique, and dynamic},
	volume=12,
	author={Bondt, Albert and Hoek, Max and Tamara, Sem and de Graaf, Bastiaan and Peng, Weiwei and Schulte, Douwe and van Rijswijck, Danique M.H. and den Boer, Maurits A. and Greisch, Jean François and Varkila, Meri R.J. and Snijder, Joost and Cremer, Olaf L. and Bonten, Marc J.M. and Heck, Albert J.R.},
	pages={1131--1143.e5},
	date=2021,
	year=2021,
}
@article{Dupré2021De,
	journal={Analytical Chemistry},
	doi={10.1021/acs.analchem.1c01955},
	issn=15206882,
	number=30,
	pmid=34292722,
	publisher={American Chemical Society},
	title={De Novo Sequencing of Antibody Light Chain Proteoforms from Patients with Multiple Myeloma},
	volume=93,
	author={Dupré, Mathieu and Duchateau, Magalie and Sternke-Hoffmann, Rebecca and Boquoi, Amelie and Malosse, Christian and Fenk, Roland and Haas, Rainer and Buell, Alexander K. and Rey, Martial and Chamot-Rooke, Julia},
	pages={10627--10634},
	date={2021-08-03},
	year=2021,
	month=8,
	day=3,
}
@article{Lefranc1997Unique,
	journal={Immunology today},
	doi={10.1016/s0167-5699(97)01163-8},
	issn={0167-5699},
	number=11,
	pmid=9386342,
	publisher={Elsevier Ltd},
	title={Unique database numbering system for immunogenetic analysis.},
	volume=18,
	author={Lefranc, Marie Paule},
	pages=509,
	date={1997-11},
	year=1997,
	month=11,
}
@article{Melani2019Direct,
	journal={mAbs},
	doi={10.1080/19420862.2019.1668226},
	issn=19420870,
	number=8,
	pmid=31607219,
	publisher={Taylor & Francis},
	title={Direct measurement of light and heavy antibody chains using ion mobility and middle-down mass spectrometry},
	volume=11,
	author={Melani, Rafael D. and Srzentić, Kristina and Gerbasi, Vincent R. and McGee, John P. and Huguet, Romain and Fornelli, Luca and Kelleher, Neil L.},
	pages=1351,
	date={2019-11-17},
	year=2019,
	month=11,
	day=17,
}
@article{Bondt2021Direct,
	journal={Frontiers in immunology},
	doi={10.3389/FIMMU.2021.789748},
	issn={1664-3224},
	pmid=34938298,
	publisher={Front Immunol},
	title={A Direct MS-Based Approach to Profile Human Milk Secretory Immunoglobulin A (IgA1) Reveals Donor-Specific Clonal Repertoires With High Longitudinal Stability},
	volume=12,
	author={Bondt, Albert and Dingess, Kelly A. and Hoek, Max and van Rijswijck, Danique M.H. and Heck, Albert J.R.},
	date={2021-12-06},
	year=2021,
	month=12,
	day=6,
}
@article{Ma2003PEAKS:,
	journal={Rapid Communications in Mass Spectrometry},
	doi={10.1002/rcm.1196},
	isbn={1097-0231},
	issn={0951-4198},
	number=20,
	pmid=14558135,
	title={PEAKS: powerful software for peptide de novo sequencing by tandem mass spectrometry},
	volume=17,
	author={Ma, Bin and Zhang, Kaizhong and Hendrie, Christopher and Liang, Chengzhi and Li, Ming and Doherty-Kirby, Amanda and Lajoie, Gilles},
	pages={2337--2342},
	date=2003,
	year=2003,
}
@article{Olsen2004Improved,
	title={Improved peptide identification in proteomics by two consecutive stages of mass spectrometric fragmentation},
	volume=101,
	author={Olsen, V Jesper and Mann, Matthias},
	date=2004,
	year=2004,
}
@article{Perez-Riverol2022PRIDE,
	journal={Nucleic acids research},
	doi={10.1093/NAR/GKAB1038},
	issn={1362-4962},
	number={D1},
	pmid=34723319,
	publisher={Nucleic Acids Res},
	title={The PRIDE database resources in 2022: a hub for mass spectrometry-based proteomics evidences},
	volume=50,
	author={Perez-Riverol, Yasset and Bai, Jingwen and Bandla, Chakradhar and García-Seisdedos, David and Hewapathirana, Suresh and Kamatchinathan, Selvakumar and Kundu, Deepti J. and Prakash, Ananth and Frericks-Zipper, Anika and Eisenacher, Martin and Walzer, Mathias and Wang, Shengbo and Brazma, Alvis and Vizcaíno, Juan Antonio},
	pages={D543--D552},
	date={2022-01-07},
	year=2022,
	month=1,
	day=7,
}

